{
    "winner": "RandomPlayer 20",
    "seed": [
        37310,
        59345,
        12185,
        52108
    ],
    "turns": 63,
    "p1": "RandomPlayer 20",
    "p2": "RandomPlayer 19",
    "p1team": [
        {
            "name": "Toucannon",
            "species": "Toucannon",
            "gender": "",
            "shiny": false,
            "level": 88,
            "moves": [
                "beakblast",
                "roost",
                "boomburst",
                "knockoff"
            ],
            "ability": "Keen Eye",
            "evs": {
                "hp": 85,
                "atk": 85,
                "def": 85,
                "spa": 85,
                "spd": 85,
                "spe": 85
            },
            "ivs": {
                "hp": 31,
                "atk": 31,
                "def": 31,
                "spa": 31,
                "spd": 31,
                "spe": 31
            },
            "item": "Heavy-Duty Boots",
            "teraType": "Steel",
            "role": "Bulky Support"
        },
        {
            "name": "Mesprit",
            "species": "Mesprit",
            "gender": "N",
            "shiny": false,
            "level": 85,
            "moves": [
                "knockoff",
                "psychicnoise",
                "thunderbolt",
                "icebeam"
            ],
            "ability": "Levitate",
            "evs": {
                "hp": 85,
                "atk": 85,
                "def": 85,
                "spa": 85,
                "spd": 85,
                "spe": 85
            },
            "ivs": {
                "hp": 31,
                "atk": 31,
                "def": 31,
                "spa": 31,
                "spd": 31,
                "spe": 31
            },
            "item": "Assault Vest",
            "teraType": "Dark",
            "role": "Bulky Attacker"
        },
        {
            "name": "Iron Crown",
            "species": "Iron Crown",
            "gender": "N",
            "shiny": false,
            "level": 79,
            "moves": [
                "psyshock",
                "tachyoncutter",
                "focusblast",
                "voltswitch"
            ],
            "ability": "Quark Drive",
            "evs": {
                "hp": 85,
                "atk": 0,
                "def": 85,
                "spa": 85,
                "spd": 85,
                "spe": 85
            },
            "ivs": {
                "hp": 31,
                "atk": 0,
                "def": 31,
                "spa": 31,
                "spd": 31,
                "spe": 31
            },
            "item": "Choice Scarf",
            "teraType": "Steel",
            "role": "Bulky Attacker"
        },
        {
            "name": "Baxcalibur",
            "species": "Baxcalibur",
            "gender": "",
            "shiny": false,
            "level": 75,
            "moves": [
                "dragondance",
                "glaiverush",
                "iciclecrash",
                "earthquake"
            ],
            "ability": "Thermal Exchange",
            "evs": {
                "hp": 85,
                "atk": 85,
                "def": 85,
                "spa": 85,
                "spd": 85,
                "spe": 85
            },
            "ivs": {
                "hp": 31,
                "atk": 31,
                "def": 31,
                "spa": 31,
                "spd": 31,
                "spe": 31
            },
            "item": "Heavy-Duty Boots",
            "teraType": "Dragon",
            "role": "Setup Sweeper"
        },
        {
            "name": "Regirock",
            "species": "Regirock",
            "gender": "N",
            "shiny": false,
            "level": 85,
            "moves": [
                "bodypress",
                "stealthrock",
                "thunderwave",
                "stoneedge"
            ],
            "ability": "Sturdy",
            "evs": {
                "hp": 85,
                "atk": 85,
                "def": 85,
                "spa": 85,
                "spd": 85,
                "spe": 85
            },
            "ivs": {
                "hp": 31,
                "atk": 31,
                "def": 31,
                "spa": 31,
                "spd": 31,
                "spe": 31
            },
            "item": "Leftovers",
            "teraType": "Fighting",
            "role": "Bulky Attacker"
        },
        {
            "name": "Flygon",
            "species": "Flygon",
            "gender": "",
            "shiny": false,
            "level": 82,
            "moves": [
                "stoneedge",
                "outrage",
                "earthquake",
                "dragondance"
            ],
            "ability": "Levitate",
            "evs": {
                "hp": 85,
                "atk": 85,
                "def": 85,
                "spa": 85,
                "spd": 85,
                "spe": 85
            },
            "ivs": {
                "hp": 31,
                "atk": 31,
                "def": 31,
                "spa": 31,
                "spd": 31,
                "spe": 31
            },
            "item": "Lum Berry",
            "teraType": "Steel",
            "role": "Fast Attacker"
        }
    ],
    "p2team": [
        {
            "name": "Scrafty",
            "species": "Scrafty",
            "gender": "",
            "shiny": false,
            "level": 84,
            "moves": [
                "closecombat",
                "knockoff",
                "poisonjab",
                "dragondance"
            ],
            "ability": "Moxie",
            "evs": {
                "hp": 85,
                "atk": 85,
                "def": 85,
                "spa": 85,
                "spd": 85,
                "spe": 85
            },
            "ivs": {
                "hp": 31,
                "atk": 31,
                "def": 31,
                "spa": 31,
                "spd": 31,
                "spe": 31
            },
            "item": "Life Orb",
            "teraType": "Poison",
            "role": "Setup Sweeper"
        },
        {
            "name": "Wigglytuff",
            "species": "Wigglytuff",
            "gender": "",
            "shiny": false,
            "level": 96,
            "moves": [
                "dazzlinggleam",
                "stealthrock",
                "thunderwave",
                "fireblast"
            ],
            "ability": "Competitive",
            "evs": {
                "hp": 85,
                "atk": 0,
                "def": 85,
                "spa": 85,
                "spd": 85,
                "spe": 85
            },
            "ivs": {
                "hp": 31,
                "atk": 0,
                "def": 31,
                "spa": 31,
                "spd": 31,
                "spe": 31
            },
            "item": "Leftovers",
            "teraType": "Poison",
            "role": "Bulky Support"
        },
        {
            "name": "Skuntank",
            "species": "Skuntank",
            "gender": "",
            "shiny": false,
            "level": 84,
            "moves": [
                "toxicspikes",
                "taunt",
                "gunkshot",
                "knockoff"
            ],
            "ability": "Aftermath",
            "evs": {
                "hp": 85,
                "atk": 85,
                "def": 85,
                "spa": 85,
                "spd": 85,
                "spe": 85
            },
            "ivs": {
                "hp": 31,
                "atk": 31,
                "def": 31,
                "spa": 31,
                "spd": 31,
                "spe": 31
            },
            "item": "Leftovers",
            "teraType": "Poison",
            "role": "Fast Support"
        },
        {
            "name": "Sneasler",
            "species": "Sneasler",
            "gender": "",
            "shiny": false,
            "level": 75,
            "moves": [
                "acrobatics",
                "gunkshot",
                "closecombat",
                "swordsdance"
            ],
            "ability": "Unburden",
            "evs": {
                "hp": 85,
                "atk": 85,
                "def": 85,
                "spa": 85,
                "spd": 85,
                "spe": 85
            },
            "ivs": {
                "hp": 31,
                "atk": 31,
                "def": 31,
                "spa": 31,
                "spd": 31,
                "spe": 31
            },
            "item": "White Herb",
            "teraType": "Flying",
            "role": "Setup Sweeper"
        },
        {
            "name": "Giratina",
            "species": "Giratina",
            "gender": "N",
            "shiny": false,
            "level": 75,
            "moves": [
                "rest",
                "sleeptalk",
                "dragontail",
                "shadowball"
            ],
            "ability": "Pressure",
            "evs": {
                "hp": 85,
                "atk": 85,
                "def": 85,
                "spa": 85,
                "spd": 85,
                "spe": 85
            },
            "ivs": {
                "hp": 31,
                "atk": 31,
                "def": 31,
                "spa": 31,
                "spd": 31,
                "spe": 31
            },
            "item": "Leftovers",
            "teraType": "Ghost",
            "role": "Fast Support"
        },
        {
            "name": "Appletun",
            "species": "Appletun",
            "gender": "",
            "shiny": false,
            "level": 92,
            "moves": [
                "leechseed",
                "recover",
                "appleacid",
                "dracometeor"
            ],
            "ability": "Thick Fat",
            "evs": {
                "hp": 85,
                "atk": 0,
                "def": 85,
                "spa": 85,
                "spd": 85,
                "spe": 85
            },
            "ivs": {
                "hp": 31,
                "atk": 0,
                "def": 31,
                "spa": 31,
                "spd": 31,
                "spe": 31
            },
            "item": "Leftovers",
            "teraType": "Steel",
            "role": "Bulky Support"
        }
    ],
    "score": [
        1,
        0
    ],
    "inputLog": [
        ">version 40d9c5fb874828a5ac5e80ab411b3f152e2a6b12",
        ">start {\"formatid\":\"gen9randombattle\",\"seed\":[37310,59345,12185,52108],\"rated\":\"Rated battle\"}",
        ">player p1 {\"name\":\"RandomPlayer 20\",\"avatar\":\"266\",\"rating\":1076,\"seed\":[53611,23205,45448,32067]}",
        ">player p2 {\"name\":\"RandomPlayer 19\",\"avatar\":\"170\",\"rating\":1072,\"seed\":[48160,26305,24022,31154]}",
        ">p1 switch 3",
        ">p2 move dragondance",
        ">p1 move voltswitch",
        ">p2 switch 6",
        ">p1 switch 5",
        ">p1 move stealthrock",
        ">p2 move leechseed",
        ">p1 switch 6",
        ">p2 move appleacid",
        ">p1 move stoneedge",
        ">p2 switch 2",
        ">p1 switch 6",
        ">p2 move thunderwave",
        ">p1 move stoneedge terastallize",
        ">p2 move fireblast",
        ">p1 switch 6",
        ">p2 move stealthrock",
        ">p1 switch 2",
        ">p2 switch 2",
        ">p1 switch 4",
        ">p2 move leechseed terastallize",
        ">p1 move dragondance",
        ">p2 switch 3",
        ">p1 switch 5",
        ">p2 switch 2",
        ">p1 switch 4",
        ">p2 switch 5",
        ">p1 move thunderbolt",
        ">p2 switch 3",
        ">p1 switch 6",
        ">p2 move leechseed",
        ">p1 switch 6",
        ">p2 switch 3",
        ">p1 move psychicnoise",
        ">p2 move sleeptalk",
        ">p1 move knockoff",
        ">p2 switch 3",
        ">p1 switch 6",
        ">p2 move recover",
        ">p1 switch 3",
        ">p2 switch 3",
        ">p1 move beakblast",
        ">p2 switch 4",
        ">p2 switch 6",
        ">p1 switch 3",
        ">p2 switch 3",
        ">p1 switch 6",
        ">p2 switch 3",
        ">p1 switch 6",
        ">p2 switch 3",
        ">p1 switch 6",
        ">p2 move leechseed",
        ">p1 switch 2",
        ">p2 switch 3",
        ">p1 switch 6",
        ">p2 switch 3",
        ">p1 switch 6",
        ">p2 switch 2",
        ">p1 move dragondance",
        ">p2 move gunkshot",
        ">p1 switch 6",
        ">p2 move toxicspikes",
        ">p1 move bodypress",
        ">p2 move knockoff",
        ">p1 move thunderwave",
        ">p2 move taunt",
        ">p1 switch 2",
        ">p2 move taunt",
        ">p1 switch 3",
        ">p2 switch 4",
        ">p1 move beakblast",
        ">p2 move sleeptalk",
        ">p1 switch 6",
        ">p2 switch 2",
        ">p1 switch 5",
        ">p2 switch 3",
        ">p1 switch 3",
        ">p2 switch 2",
        ">p2 switch 4",
        ">p1 move thunderbolt",
        ">p2 move gunkshot",
        ">p1 switch 3",
        ">p1 switch 2",
        ">p2 switch 2",
        ">p1 switch 5",
        ">p1 move outrage",
        ">p2 move knockoff",
        ">p1 switch 2",
        ">p2 switch 3",
        ">p1 move earthquake",
        ">p2 move leechseed",
        ">p1 switch 4",
        ">p2 switch 5",
        ">p1 switch 4",
        ">p2 move fireblast",
        ">p1 move dragondance",
        ">p2 switch 5",
        ">p1 move iciclecrash",
        ">p2 move leechseed",
        ">p1 move iciclecrash",
        ">p2 switch 2",
        ">p1 switch 4",
        ">p2 switch 2",
        ">p1 switch 6",
        ">p2 move appleacid",
        ">p1 move roost",
        ">p2 switch 5",
        ">p1 move knockoff",
        ">p2 move stealthrock",
        ">p1 switch 4",
        ">p2 switch 2",
        ">p1 move glaiverush",
        ">p2 switch 5",
        ">p2 switch 5",
        ">p2 switch 2",
        ">p1 move glaiverush",
        ">p2 move thunderwave",
        ">p1 switch 4",
        ">p2 move fireblast",
        ">p1 switch 4",
        ">p2 move fireblast",
        ">p1 move dragondance",
        ">p2 move fireblast",
        ">p1 move iciclecrash",
        ">p2 move fireblast",
        ">p1 switch 6",
        ">p1 move psyshock",
        ">p2 move dazzlinggleam",
        ">p1 switch 4",
        ">p2 move fireblast",
        ">p1 move knockoff",
        ">p2 move fireblast",
        ">p1 move beakblast",
        ">p2 move dazzlinggleam",
        ">p1 switch 4",
        ">p1 move psyshock",
        ">p2 move thunderwave"
    ],
    "log": [
        "|uhtml|medal-msg|<div class=\"broadcast-blue\">Curious what those medals under the avatar are? PS now has Ladder Seasons! For more information, check out the <a href=\"https://www.smogon.com/forums/threads/3740067/\">thread on Smogon.</a></div>",
        "|uhtml|medal-msg|<div class=\"broadcast-blue\">Curious what those medals under the avatar are? PS now has Ladder Seasons! For more information, check out the <a href=\"https://www.smogon.com/forums/threads/3740067/\">thread on Smogon.</a></div>",
        "|j|☆RandomPlayer 20",
        "|j|☆RandomPlayer 19",
        "|t:|1712781068",
        "|gametype|singles",
        "|player|p1|RandomPlayer 20|266|1076",
        "|player|p2|RandomPlayer 19|170|1072",
        "|teamsize|p1|6",
        "|teamsize|p2|6",
        "|gen|9",
        "|tier|[Gen 9] Random Battle",
        "|rated|",
        "|rule|Species Clause: Limit one of each Pokémon",
        "|rule|HP Percentage Mod: HP is shown in percentages",
        "|rule|Sleep Clause Mod: Limit one foe put to sleep",
        "|rule|Illusion Level Mod: Illusion disguises the Pokémon's true level",
        "|",
        "|t:|1712781068",
        "|start",
        "|switch|p1a: Toucannon|Toucannon, L88, M|284/284",
        "|switch|p2a: Scrafty|Scrafty, L84, F|246/246",
        "|turn|1",
        "|",
        "|t:|1712781068",
        "|switch|p1a: Iron Crown|Iron Crown, L79|272/272",
        "|move|p2a: Scrafty|Dragon Dance|p2a: Scrafty",
        "|-boost|p2a: Scrafty|atk|1",
        "|-boost|p2a: Scrafty|spe|1",
        "|",
        "|upkeep",
        "|turn|2",
        "|",
        "|t:|1712781068",
        "|switch|p2a: Appletun|Appletun, L92, M|352/352",
        "|move|p1a: Iron Crown|Volt Switch|p2a: Appletun",
        "|-resisted|p2a: Appletun",
        "|-damage|p2a: Appletun|339/352",
        "|",
        "|t:|1712781068",
        "|-end|p1a: Iron Crown|Quark Drive|[silent]",
        "|switch|p1a: Regirock|Regirock, L85|275/275|[from] Volt Switch",
        "|",
        "|-heal|p2a: Appletun|352/352|[from] item: Leftovers",
        "|upkeep",
        "|turn|3",
        "|",
        "|t:|1712781068",
        "|move|p1a: Regirock|Stealth Rock|p2a: Appletun",
        "|-sidestart|p2: RandomPlayer 19|move: Stealth Rock",
        "|move|p2a: Appletun|Leech Seed|p1a: Regirock",
        "|-start|p1a: Regirock|move: Leech Seed",
        "|",
        "|-damage|p1a: Regirock|241/275|[from] Leech Seed|[of] p2a: Appletun",
        "|upkeep",
        "|turn|4",
        "|",
        "|t:|1712781068",
        "|switch|p1a: Flygon|Flygon, L82, F|265/265",
        "|move|p2a: Appletun|Apple Acid|p1a: Flygon",
        "|-damage|p1a: Flygon|160/265",
        "|-unboost|p1a: Flygon|spd|1",
        "|",
        "|upkeep",
        "|turn|5",
        "|",
        "|t:|1712781068",
        "|switch|p2a: Wigglytuff|Wigglytuff, L96, F|424/424",
        "|-damage|p2a: Wigglytuff|371/424|[from] Stealth Rock",
        "|move|p1a: Flygon|Stone Edge|p2a: Wigglytuff|[miss]",
        "|-miss|p1a: Flygon|p2a: Wigglytuff",
        "|",
        "|-heal|p2a: Wigglytuff|397/424|[from] item: Leftovers",
        "|upkeep",
        "|turn|6",
        "|",
        "|t:|1712781068",
        "|switch|p1a: Regirock|Regirock, L85|241/275",
        "|move|p2a: Wigglytuff|Thunder Wave|p1a: Regirock|[miss]",
        "|-miss|p2a: Wigglytuff|p1a: Regirock",
        "|",
        "|-heal|p2a: Wigglytuff|423/424|[from] item: Leftovers",
        "|-heal|p1a: Regirock|258/275|[from] item: Leftovers",
        "|upkeep",
        "|turn|7",
        "|",
        "|t:|1712781068",
        "|-terastallize|p1a: Regirock|Fighting",
        "|move|p2a: Wigglytuff|Fire Blast|p1a: Regirock",
        "|-damage|p1a: Regirock|172/275",
        "|-status|p1a: Regirock|brn",
        "|move|p1a: Regirock|Stone Edge|p2a: Wigglytuff",
        "|-damage|p2a: Wigglytuff|342/424",
        "|",
        "|-heal|p2a: Wigglytuff|368/424|[from] item: Leftovers",
        "|-heal|p1a: Regirock|189/275 brn|[from] item: Leftovers",
        "|-damage|p1a: Regirock|172/275 brn|[from] brn",
        "|upkeep",
        "|turn|8",
        "|",
        "|t:|1712781068",
        "|switch|p1a: Flygon|Flygon, L82, F|160/265",
        "|move|p2a: Wigglytuff|Stealth Rock|p1a: Flygon",
        "|-sidestart|p1: RandomPlayer 20|move: Stealth Rock",
        "|",
        "|-heal|p2a: Wigglytuff|394/424|[from] item: Leftovers",
        "|upkeep",
        "|turn|9",
        "|",
        "|t:|1712781068",
        "|switch|p1a: Mesprit|Mesprit, L85|275/275",
        "|-damage|p1a: Mesprit|241/275|[from] Stealth Rock",
        "|switch|p2a: Appletun|Appletun, L92, M|352/352",
        "|-damage|p2a: Appletun|308/352|[from] Stealth Rock",
        "|",
        "|-heal|p2a: Appletun|330/352|[from] item: Leftovers",
        "|upkeep",
        "|turn|10",
        "|",
        "|t:|1712781068",
        "|switch|p1a: Baxcalibur|Baxcalibur, L75, F|296/296",
        "|-terastallize|p2a: Appletun|Steel",
        "|move|p2a: Appletun|Leech Seed|p1a: Baxcalibur",
        "|-start|p1a: Baxcalibur|move: Leech Seed",
        "|",
        "|-heal|p2a: Appletun|352/352|[from] item: Leftovers",
        "|-damage|p1a: Baxcalibur|259/296|[from] Leech Seed|[of] p2a: Appletun",
        "|upkeep",
        "|turn|11",
        "|",
        "|t:|1712781068",
        "|switch|p2a: Skuntank|Skuntank, L84, F|310/310",
        "|-damage|p2a: Skuntank|272/310|[from] Stealth Rock",
        "|move|p1a: Baxcalibur|Dragon Dance|p1a: Baxcalibur",
        "|-boost|p1a: Baxcalibur|atk|1",
        "|-boost|p1a: Baxcalibur|spe|1",
        "|",
        "|-heal|p2a: Skuntank|291/310|[from] item: Leftovers",
        "|-damage|p1a: Baxcalibur|222/296|[from] Leech Seed|[of] p2a: Skuntank",
        "|-heal|p2a: Skuntank|310/310|[silent]",
        "|upkeep",
        "|turn|12",
        "|",
        "|t:|1712781068",
        "|switch|p1a: Iron Crown|Iron Crown, L79|272/272",
        "|-damage|p1a: Iron Crown|255/272|[from] Stealth Rock",
        "|switch|p2a: Wigglytuff|Wigglytuff, L96, F|394/424",
        "|-damage|p2a: Wigglytuff|341/424|[from] Stealth Rock",
        "|",
        "|-heal|p2a: Wigglytuff|367/424|[from] item: Leftovers",
        "|upkeep",
        "|turn|13",
        "|",
        "|t:|1712781068",
        "|-end|p1a: Iron Crown|Quark Drive|[silent]",
        "|switch|p1a: Mesprit|Mesprit, L85|241/275",
        "|-damage|p1a: Mesprit|207/275|[from] Stealth Rock",
        "|switch|p2a: Giratina|Giratina, L75|349/349",
        "|-damage|p2a: Giratina|306/349|[from] Stealth Rock",
        "|-ability|p2a: Giratina|Pressure",
        "|",
        "|-heal|p2a: Giratina|327/349|[from] item: Leftovers",
        "|upkeep",
        "|turn|14",
        "|",
        "|t:|1712781068",
        "|switch|p2a: Appletun|Appletun, L92, M, tera:Steel|352/352",
        "|-damage|p2a: Appletun|330/352|[from] Stealth Rock",
        "|move|p1a: Mesprit|Thunderbolt|p2a: Appletun",
        "|-damage|p2a: Appletun|258/352",
        "|",
        "|-heal|p2a: Appletun|280/352|[from] item: Leftovers",
        "|upkeep",
        "|turn|15",
        "|",
        "|t:|1712781068",
        "|switch|p1a: Regirock|Regirock, L85, tera:Fighting|172/275 brn",
        "|-damage|p1a: Regirock|155/275 brn|[from] Stealth Rock",
        "|move|p2a: Appletun|Leech Seed|p1a: Regirock|[miss]",
        "|-miss|p2a: Appletun|p1a: Regirock",
        "|",
        "|-heal|p1a: Regirock|172/275 brn|[from] item: Leftovers",
        "|-heal|p2a: Appletun|302/352|[from] item: Leftovers",
        "|-damage|p1a: Regirock|155/275 brn|[from] brn",
        "|upkeep",
        "|turn|16",
        "|",
        "|t:|1712781068",
        "|switch|p1a: Mesprit|Mesprit, L85|207/275",
        "|-damage|p1a: Mesprit|173/275|[from] Stealth Rock",
        "|switch|p2a: Giratina|Giratina, L75|327/349",
        "|-damage|p2a: Giratina|284/349|[from] Stealth Rock",
        "|-ability|p2a: Giratina|Pressure",
        "|",
        "|-heal|p2a: Giratina|305/349|[from] item: Leftovers",
        "|upkeep",
        "|turn|17",
        "|",
        "|t:|1712781068",
        "|move|p1a: Mesprit|Psychic Noise|p2a: Giratina",
        "|-damage|p2a: Giratina|227/349",
        "|-start|p2a: Giratina|move: Heal Block",
        "|move|p2a: Giratina|Sleep Talk||[still]",
        "|-fail|p2a: Giratina",
        "|",
        "|upkeep",
        "|turn|18",
        "|",
        "|t:|1712781068",
        "|switch|p2a: Appletun|Appletun, L92, M, tera:Steel|302/352",
        "|-damage|p2a: Appletun|280/352|[from] Stealth Rock",
        "|move|p1a: Mesprit|Knock Off|p2a: Appletun",
        "|-damage|p2a: Appletun|199/352",
        "|-enditem|p2a: Appletun|Leftovers|[from] move: Knock Off|[of] p1a: Mesprit",
        "|",
        "|upkeep",
        "|turn|19",
        "|",
        "|t:|1712781068",
        "|switch|p1a: Regirock|Regirock, L85, tera:Fighting|155/275 brn",
        "|-damage|p1a: Regirock|138/275 brn|[from] Stealth Rock",
        "|move|p2a: Appletun|Recover|p2a: Appletun",
        "|-heal|p2a: Appletun|352/352",
        "|",
        "|-heal|p1a: Regirock|155/275 brn|[from] item: Leftovers",
        "|-damage|p1a: Regirock|138/275 brn|[from] brn",
        "|upkeep",
        "|turn|20",
        "|",
        "|t:|1712781068",
        "|switch|p1a: Toucannon|Toucannon, L88, M|284/284",
        "|switch|p2a: Giratina|Giratina, L75|227/349",
        "|-damage|p2a: Giratina|184/349|[from] Stealth Rock",
        "|-ability|p2a: Giratina|Pressure",
        "|",
        "|-heal|p2a: Giratina|205/349|[from] item: Leftovers",
        "|upkeep",
        "|turn|21",
        "|",
        "|t:|1712781068",
        "|switch|p2a: Sneasler|Sneasler, L75, M|244/244",
        "|-damage|p2a: Sneasler|229/244|[from] Stealth Rock",
        "|-singleturn|p1a: Toucannon|move: Beak Blast",
        "|move|p1a: Toucannon|Beak Blast|p2a: Sneasler",
        "|-supereffective|p2a: Sneasler",
        "|-damage|p2a: Sneasler|0 fnt",
        "|faint|p2a: Sneasler",
        "|",
        "|upkeep",
        "|",
        "|t:|1712781068",
        "|switch|p2a: Scrafty|Scrafty, L84, F|246/246",
        "|-damage|p2a: Scrafty|231/246|[from] Stealth Rock",
        "|turn|22",
        "|",
        "|t:|1712781068",
        "|switch|p1a: Regirock|Regirock, L85, tera:Fighting|138/275 brn",
        "|-damage|p1a: Regirock|121/275 brn|[from] Stealth Rock",
        "|switch|p2a: Appletun|Appletun, L92, M, tera:Steel|352/352",
        "|-damage|p2a: Appletun|330/352|[from] Stealth Rock",
        "|",
        "|-heal|p1a: Regirock|138/275 brn|[from] item: Leftovers",
        "|-damage|p1a: Regirock|121/275 brn|[from] brn",
        "|upkeep",
        "|turn|23",
        "|",
        "|t:|1712781068",
        "|switch|p1a: Mesprit|Mesprit, L85|173/275",
        "|-damage|p1a: Mesprit|139/275|[from] Stealth Rock",
        "|switch|p2a: Scrafty|Scrafty, L84, F|231/246",
        "|-damage|p2a: Scrafty|216/246|[from] Stealth Rock",
        "|",
        "|upkeep",
        "|turn|24",
        "|",
        "|t:|1712781068",
        "|switch|p1a: Regirock|Regirock, L85, tera:Fighting|121/275 brn",
        "|-damage|p1a: Regirock|104/275 brn|[from] Stealth Rock",
        "|switch|p2a: Appletun|Appletun, L92, M, tera:Steel|330/352",
        "|-damage|p2a: Appletun|308/352|[from] Stealth Rock",
        "|",
        "|-heal|p1a: Regirock|121/275 brn|[from] item: Leftovers",
        "|-damage|p1a: Regirock|104/275 brn|[from] brn",
        "|upkeep",
        "|turn|25",
        "|",
        "|t:|1712781068",
        "|switch|p1a: Mesprit|Mesprit, L85|139/275",
        "|-damage|p1a: Mesprit|105/275|[from] Stealth Rock",
        "|move|p2a: Appletun|Leech Seed|p1a: Mesprit",
        "|-start|p1a: Mesprit|move: Leech Seed",
        "|",
        "|-damage|p1a: Mesprit|71/275|[from] Leech Seed|[of] p2a: Appletun",
        "|-heal|p2a: Appletun|342/352|[silent]",
        "|upkeep",
        "|turn|26",
        "|",
        "|t:|1712781068",
        "|switch|p1a: Flygon|Flygon, L82, F|160/265",
        "|-damage|p1a: Flygon|144/265|[from] Stealth Rock",
        "|switch|p2a: Scrafty|Scrafty, L84, F|216/246",
        "|-damage|p2a: Scrafty|201/246|[from] Stealth Rock",
        "|",
        "|upkeep",
        "|turn|27",
        "|",
        "|t:|1712781068",
        "|switch|p1a: Regirock|Regirock, L85, tera:Fighting|104/275 brn",
        "|-damage|p1a: Regirock|87/275 brn|[from] Stealth Rock",
        "|switch|p2a: Appletun|Appletun, L92, M, tera:Steel|342/352",
        "|-damage|p2a: Appletun|320/352|[from] Stealth Rock",
        "|",
        "|-heal|p1a: Regirock|104/275 brn|[from] item: Leftovers",
        "|-damage|p1a: Regirock|87/275 brn|[from] brn",
        "|upkeep",
        "|turn|28",
        "|",
        "|t:|1712781068",
        "|switch|p1a: Flygon|Flygon, L82, F|144/265",
        "|-damage|p1a: Flygon|128/265|[from] Stealth Rock",
        "|switch|p2a: Skuntank|Skuntank, L84, F|310/310",
        "|-damage|p2a: Skuntank|272/310|[from] Stealth Rock",
        "|",
        "|-heal|p2a: Skuntank|291/310|[from] item: Leftovers",
        "|upkeep",
        "|turn|29",
        "|",
        "|t:|1712781068",
        "|move|p1a: Flygon|Dragon Dance|p1a: Flygon",
        "|-boost|p1a: Flygon|atk|1",
        "|-boost|p1a: Flygon|spe|1",
        "|move|p2a: Skuntank|Gunk Shot|p1a: Flygon",
        "|-resisted|p1a: Flygon",
        "|-damage|p1a: Flygon|60/265",
        "|-status|p1a: Flygon|psn",
        "|-enditem|p1a: Flygon|Lum Berry|[eat]",
        "|-curestatus|p1a: Flygon|psn|[msg]",
        "|",
        "|-heal|p2a: Skuntank|310/310|[from] item: Leftovers",
        "|upkeep",
        "|turn|30",
        "|",
        "|t:|1712781068",
        "|switch|p1a: Regirock|Regirock, L85, tera:Fighting|87/275 brn",
        "|-damage|p1a: Regirock|70/275 brn|[from] Stealth Rock",
        "|move|p2a: Skuntank|Toxic Spikes|p1a: Regirock",
        "|-sidestart|p1: RandomPlayer 20|move: Toxic Spikes",
        "|",
        "|-heal|p1a: Regirock|87/275 brn|[from] item: Leftovers",
        "|-damage|p1a: Regirock|70/275 brn|[from] brn",
        "|upkeep",
        "|turn|31",
        "|",
        "|t:|1712781068",
        "|move|p2a: Skuntank|Knock Off|p1a: Regirock",
        "|-resisted|p1a: Regirock",
        "|-damage|p1a: Regirock|45/275 brn",
        "|-enditem|p1a: Regirock|Leftovers|[from] move: Knock Off|[of] p2a: Skuntank",
        "|move|p1a: Regirock|Body Press|p2a: Skuntank",
        "|-damage|p2a: Skuntank|221/310",
        "|",
        "|-heal|p2a: Skuntank|240/310|[from] item: Leftovers",
        "|-damage|p1a: Regirock|28/275 brn|[from] brn",
        "|upkeep",
        "|turn|32",
        "|",
        "|t:|1712781068",
        "|move|p2a: Skuntank|Taunt|p1a: Regirock",
        "|-start|p1a: Regirock|move: Taunt",
        "|cant|p1a: Regirock|move: Taunt|Thunder Wave",
        "|",
        "|-heal|p2a: Skuntank|259/310|[from] item: Leftovers",
        "|-damage|p1a: Regirock|11/275 brn|[from] brn",
        "|upkeep",
        "|turn|33",
        "|",
        "|t:|1712781068",
        "|switch|p1a: Mesprit|Mesprit, L85|71/275",
        "|-damage|p1a: Mesprit|37/275|[from] Stealth Rock",
        "|move|p2a: Skuntank|Taunt|p1a: Mesprit",
        "|-start|p1a: Mesprit|move: Taunt",
        "|",
        "|-heal|p2a: Skuntank|278/310|[from] item: Leftovers",
        "|upkeep",
        "|turn|34",
        "|",
        "|t:|1712781068",
        "|switch|p2a: Giratina|Giratina, L75|205/349",
        "|-damage|p2a: Giratina|162/349|[from] Stealth Rock",
        "|-ability|p2a: Giratina|Pressure",
        "|switch|p1a: Toucannon|Toucannon, L88, M|284/284",
        "|",
        "|-heal|p2a: Giratina|183/349|[from] item: Leftovers",
        "|upkeep",
        "|turn|35",
        "|",
        "|t:|1712781068",
        "|-singleturn|p1a: Toucannon|move: Beak Blast",
        "|move|p2a: Giratina|Sleep Talk||[still]",
        "|-fail|p2a: Giratina",
        "|move|p1a: Toucannon|Beak Blast|p2a: Giratina",
        "|-crit|p2a: Giratina",
        "|-damage|p2a: Giratina|14/349",
        "|",
        "|-heal|p2a: Giratina|35/349|[from] item: Leftovers",
        "|upkeep",
        "|turn|36",
        "|",
        "|t:|1712781068",
        "|switch|p2a: Appletun|Appletun, L92, M, tera:Steel|320/352",
        "|-damage|p2a: Appletun|298/352|[from] Stealth Rock",
        "|switch|p1a: Flygon|Flygon, L82, F|60/265",
        "|-damage|p1a: Flygon|44/265|[from] Stealth Rock",
        "|",
        "|upkeep",
        "|turn|37",
        "|",
        "|t:|1712781068",
        "|switch|p1a: Baxcalibur|Baxcalibur, L75, F|222/296",
        "|switch|p2a: Scrafty|Scrafty, L84, F|201/246",
        "|-damage|p2a: Scrafty|186/246|[from] Stealth Rock",
        "|",
        "|upkeep",
        "|turn|38",
        "|",
        "|t:|1712781068",
        "|switch|p1a: Mesprit|Mesprit, L85|37/275",
        "|-damage|p1a: Mesprit|3/275|[from] Stealth Rock",
        "|switch|p2a: Giratina|Giratina, L75|35/349",
        "|-damage|p2a: Giratina|0 fnt|[from] Stealth Rock",
        "|faint|p2a: Giratina",
        "|",
        "|upkeep",
        "|",
        "|t:|1712781068",
        "|switch|p2a: Skuntank|Skuntank, L84, F|278/310",
        "|-damage|p2a: Skuntank|240/310|[from] Stealth Rock",
        "|turn|39",
        "|",
        "|t:|1712781068",
        "|move|p2a: Skuntank|Gunk Shot|p1a: Mesprit",
        "|-damage|p1a: Mesprit|0 fnt",
        "|faint|p1a: Mesprit",
        "|",
        "|-heal|p2a: Skuntank|259/310|[from] item: Leftovers",
        "|upkeep",
        "|",
        "|t:|1712781068",
        "|switch|p1a: Baxcalibur|Baxcalibur, L75, F|222/296",
        "|turn|40",
        "|",
        "|t:|1712781068",
        "|switch|p2a: Scrafty|Scrafty, L84, F|186/246",
        "|-damage|p2a: Scrafty|171/246|[from] Stealth Rock",
        "|switch|p1a: Regirock|Regirock, L85, tera:Fighting|11/275 brn",
        "|-damage|p1a: Regirock|0 fnt|[from] Stealth Rock",
        "|faint|p1a: Regirock",
        "|",
        "|upkeep",
        "|",
        "|t:|1712781068",
        "|switch|p1a: Flygon|Flygon, L82, F|44/265",
        "|-damage|p1a: Flygon|28/265|[from] Stealth Rock",
        "|turn|41",
        "|",
        "|t:|1712781068",
        "|move|p1a: Flygon|Outrage|p2a: Scrafty",
        "|-crit|p2a: Scrafty",
        "|-damage|p2a: Scrafty|21/246",
        "|move|p2a: Scrafty|Knock Off|p1a: Flygon",
        "|-damage|p1a: Flygon|0 fnt",
        "|faint|p1a: Flygon",
        "|-ability|p2a: Scrafty|Moxie|boost",
        "|-boost|p2a: Scrafty|atk|1",
        "|-damage|p2a: Scrafty|0 fnt|[from] item: Life Orb",
        "|faint|p2a: Scrafty",
        "|",
        "|upkeep",
        "|",
        "|t:|1712781068",
        "|switch|p1a: Baxcalibur|Baxcalibur, L75, F|222/296",
        "|switch|p2a: Appletun|Appletun, L92, M, tera:Steel|298/352",
        "|-damage|p2a: Appletun|276/352|[from] Stealth Rock",
        "|turn|42",
        "|",
        "|t:|1712781068",
        "|move|p1a: Baxcalibur|Earthquake|p2a: Appletun",
        "|-supereffective|p2a: Appletun",
        "|-damage|p2a: Appletun|132/352",
        "|move|p2a: Appletun|Leech Seed|p1a: Baxcalibur",
        "|-start|p1a: Baxcalibur|move: Leech Seed",
        "|",
        "|-damage|p1a: Baxcalibur|185/296|[from] Leech Seed|[of] p2a: Appletun",
        "|-heal|p2a: Appletun|169/352|[silent]",
        "|upkeep",
        "|turn|43",
        "|",
        "|t:|1712781068",
        "|switch|p1a: Iron Crown|Iron Crown, L79|255/272",
        "|-damage|p1a: Iron Crown|238/272|[from] Stealth Rock",
        "|switch|p2a: Wigglytuff|Wigglytuff, L96, F|367/424",
        "|-damage|p2a: Wigglytuff|314/424|[from] Stealth Rock",
        "|",
        "|-heal|p2a: Wigglytuff|340/424|[from] item: Leftovers",
        "|upkeep",
        "|turn|44",
        "|",
        "|t:|1712781068",
        "|-end|p1a: Iron Crown|Quark Drive|[silent]",
        "|switch|p1a: Baxcalibur|Baxcalibur, L75, F|185/296",
        "|move|p2a: Wigglytuff|Fire Blast|p1a: Baxcalibur|[miss]",
        "|-miss|p2a: Wigglytuff|p1a: Baxcalibur",
        "|",
        "|-heal|p2a: Wigglytuff|366/424|[from] item: Leftovers",
        "|upkeep",
        "|turn|45",
        "|",
        "|t:|1712781068",
        "|switch|p2a: Appletun|Appletun, L92, M, tera:Steel|169/352",
        "|-damage|p2a: Appletun|147/352|[from] Stealth Rock",
        "|move|p1a: Baxcalibur|Dragon Dance|p1a: Baxcalibur",
        "|-boost|p1a: Baxcalibur|atk|1",
        "|-boost|p1a: Baxcalibur|spe|1",
        "|",
        "|upkeep",
        "|turn|46",
        "|",
        "|t:|1712781068",
        "|move|p1a: Baxcalibur|Icicle Crash|p2a: Appletun",
        "|-resisted|p2a: Appletun",
        "|-damage|p2a: Appletun|109/352",
        "|cant|p2a: Appletun|flinch",
        "|",
        "|upkeep",
        "|turn|47",
        "|",
        "|t:|1712781068",
        "|switch|p2a: Skuntank|Skuntank, L84, F|259/310",
        "|-damage|p2a: Skuntank|221/310|[from] Stealth Rock",
        "|move|p1a: Baxcalibur|Icicle Crash|p2a: Skuntank",
        "|-damage|p2a: Skuntank|37/310",
        "|",
        "|-heal|p2a: Skuntank|56/310|[from] item: Leftovers",
        "|upkeep",
        "|turn|48",
        "|",
        "|t:|1712781068",
        "|switch|p1a: Iron Crown|Iron Crown, L79|238/272",
        "|-damage|p1a: Iron Crown|221/272|[from] Stealth Rock",
        "|switch|p2a: Appletun|Appletun, L92, M, tera:Steel|109/352",
        "|-damage|p2a: Appletun|87/352|[from] Stealth Rock",
        "|",
        "|upkeep",
        "|turn|49",
        "|",
        "|t:|1712781068",
        "|-end|p1a: Iron Crown|Quark Drive|[silent]",
        "|switch|p1a: Toucannon|Toucannon, L88, M|284/284",
        "|move|p2a: Appletun|Apple Acid|p1a: Toucannon",
        "|-resisted|p1a: Toucannon",
        "|-damage|p1a: Toucannon|230/284",
        "|-unboost|p1a: Toucannon|spd|1",
        "|",
        "|upkeep",
        "|turn|50",
        "|",
        "|t:|1712781068",
        "|switch|p2a: Wigglytuff|Wigglytuff, L96, F|366/424",
        "|-damage|p2a: Wigglytuff|313/424|[from] Stealth Rock",
        "|move|p1a: Toucannon|Roost|p1a: Toucannon",
        "|-heal|p1a: Toucannon|284/284",
        "|-singleturn|p1a: Toucannon|move: Roost",
        "|",
        "|-heal|p2a: Wigglytuff|339/424|[from] item: Leftovers",
        "|upkeep",
        "|turn|51",
        "|",
        "|t:|1712781068",
        "|move|p1a: Toucannon|Knock Off|p2a: Wigglytuff",
        "|-resisted|p2a: Wigglytuff",
        "|-damage|p2a: Wigglytuff|275/424",
        "|-enditem|p2a: Wigglytuff|Leftovers|[from] move: Knock Off|[of] p1a: Toucannon",
        "|move|p2a: Wigglytuff|Stealth Rock||[still]",
        "|-fail|p2a: Wigglytuff",
        "|",
        "|upkeep",
        "|turn|52",
        "|",
        "|t:|1712781068",
        "|switch|p1a: Baxcalibur|Baxcalibur, L75, F|185/296",
        "|switch|p2a: Skuntank|Skuntank, L84, F|56/310",
        "|-damage|p2a: Skuntank|18/310|[from] Stealth Rock",
        "|",
        "|-heal|p2a: Skuntank|37/310|[from] item: Leftovers",
        "|upkeep",
        "|turn|53",
        "|",
        "|t:|1712781068",
        "|switch|p2a: Appletun|Appletun, L92, M, tera:Steel|87/352",
        "|-damage|p2a: Appletun|65/352|[from] Stealth Rock",
        "|move|p1a: Baxcalibur|Glaive Rush|p2a: Appletun",
        "|-resisted|p2a: Appletun",
        "|-damage|p2a: Appletun|0 fnt",
        "|-singlemove|p1a: Baxcalibur|Glaive Rush|[silent]",
        "|faint|p2a: Appletun",
        "|",
        "|upkeep",
        "|",
        "|t:|1712781068",
        "|switch|p2a: Skuntank|Skuntank, L84, F|37/310",
        "|-damage|p2a: Skuntank|0 fnt|[from] Stealth Rock",
        "|faint|p2a: Skuntank",
        "|",
        "|t:|1712781068",
        "|switch|p2a: Wigglytuff|Wigglytuff, L96, F|275/424",
        "|-damage|p2a: Wigglytuff|222/424|[from] Stealth Rock",
        "|turn|54",
        "|",
        "|t:|1712781068",
        "|move|p1a: Baxcalibur|Glaive Rush|p2a: Wigglytuff",
        "|-immune|p2a: Wigglytuff",
        "|move|p2a: Wigglytuff|Thunder Wave|p1a: Baxcalibur",
        "|-status|p1a: Baxcalibur|par",
        "|",
        "|upkeep",
        "|turn|55",
        "|",
        "|t:|1712781068",
        "|switch|p1a: Toucannon|Toucannon, L88, M|284/284",
        "|move|p2a: Wigglytuff|Fire Blast|p1a: Toucannon",
        "|-damage|p1a: Toucannon|179/284",
        "|",
        "|upkeep",
        "|turn|56",
        "|",
        "|t:|1712781068",
        "|switch|p1a: Baxcalibur|Baxcalibur, L75, F|185/296 par",
        "|move|p2a: Wigglytuff|Fire Blast|p1a: Baxcalibur|[miss]",
        "|-miss|p2a: Wigglytuff|p1a: Baxcalibur",
        "|",
        "|upkeep",
        "|turn|57",
        "|",
        "|t:|1712781068",
        "|move|p2a: Wigglytuff|Fire Blast|p1a: Baxcalibur",
        "|-damage|p1a: Baxcalibur|84/296 par",
        "|-ability|p1a: Baxcalibur|Thermal Exchange|boost",
        "|-boost|p1a: Baxcalibur|atk|1",
        "|cant|p1a: Baxcalibur|par",
        "|",
        "|upkeep",
        "|turn|58",
        "|",
        "|t:|1712781068",
        "|move|p2a: Wigglytuff|Fire Blast|p1a: Baxcalibur",
        "|-damage|p1a: Baxcalibur|0 fnt",
        "|faint|p1a: Baxcalibur",
        "|",
        "|upkeep",
        "|",
        "|t:|1712781068",
        "|switch|p1a: Iron Crown|Iron Crown, L79|221/272",
        "|-damage|p1a: Iron Crown|204/272|[from] Stealth Rock",
        "|turn|59",
        "|",
        "|t:|1712781068",
        "|move|p1a: Iron Crown|Psyshock|p2a: Wigglytuff",
        "|-damage|p2a: Wigglytuff|86/424",
        "|move|p2a: Wigglytuff|Dazzling Gleam|p1a: Iron Crown",
        "|-resisted|p1a: Iron Crown",
        "|-damage|p1a: Iron Crown|159/272",
        "|",
        "|upkeep",
        "|turn|60",
        "|",
        "|t:|1712781068",
        "|-end|p1a: Iron Crown|Quark Drive|[silent]",
        "|switch|p1a: Toucannon|Toucannon, L88, M|179/284",
        "|move|p2a: Wigglytuff|Fire Blast|p1a: Toucannon|[miss]",
        "|-miss|p2a: Wigglytuff|p1a: Toucannon",
        "|",
        "|upkeep",
        "|turn|61",
        "|",
        "|t:|1712781068",
        "|move|p1a: Toucannon|Knock Off|p2a: Wigglytuff",
        "|-resisted|p2a: Wigglytuff",
        "|-damage|p2a: Wigglytuff|46/424",
        "|move|p2a: Wigglytuff|Fire Blast|p1a: Toucannon",
        "|-damage|p1a: Toucannon|79/284",
        "|",
        "|upkeep",
        "|turn|62",
        "|",
        "|t:|1712781068",
        "|-singleturn|p1a: Toucannon|move: Beak Blast",
        "|move|p2a: Wigglytuff|Dazzling Gleam|p1a: Toucannon",
        "|-damage|p1a: Toucannon|0 fnt",
        "|faint|p1a: Toucannon",
        "|",
        "|upkeep",
        "|",
        "|t:|1712781068",
        "|switch|p1a: Iron Crown|Iron Crown, L79|159/272",
        "|-damage|p1a: Iron Crown|142/272|[from] Stealth Rock",
        "|turn|63",
        "|",
        "|t:|1712781068",
        "|move|p1a: Iron Crown|Psyshock|p2a: Wigglytuff",
        "|-damage|p2a: Wigglytuff|0 fnt",
        "|faint|p2a: Wigglytuff",
        "|",
        "|win|RandomPlayer 20",
        "|raw|RandomPlayer 20's rating: 1076 &rarr; <strong>1113</strong><br />(+37 for winning)",
        "|raw|RandomPlayer 19's rating: 1072 &rarr; <strong>1060</strong><br />(-12 for losing)",
        ""
    ],
    "p1rating": 1113.157670159817,
    "p2rating": 1060.3487395570412,
    "endType": "normal",
    "timestamp": "Wed Apr 10 2024 13:31:08 GMT-0700 (Pacific Daylight Time)",
    "roomid": "battle-gen9randombattle-228",
    "format": "gen9randombattle"
}
