{
    "winner": "RandomPlayer 22",
    "seed": [
        6151,
        22301,
        9914,
        17934
    ],
    "turns": 44,
    "p1": "RandomPlayer 21",
    "p2": "RandomPlayer 22",
    "p1team": [
        {
            "name": "Barraskewda",
            "species": "Barraskewda",
            "gender": "",
            "shiny": false,
            "level": 81,
            "moves": [
                "closecombat",
                "psychicfangs",
                "waterfall",
                "flipturn"
            ],
            "ability": "Swift Swim",
            "evs": {
                "hp": 85,
                "atk": 85,
                "def": 85,
                "spa": 85,
                "spd": 85,
                "spe": 85
            },
            "ivs": {
                "hp": 31,
                "atk": 31,
                "def": 31,
                "spa": 31,
                "spd": 31,
                "spe": 31
            },
            "item": "Choice Band",
            "teraType": "Fighting",
            "role": "Wallbreaker"
        },
        {
            "name": "Sandslash",
            "species": "Sandslash-Alola",
            "gender": "",
            "shiny": false,
            "level": 88,
            "moves": [
                "rapidspin",
                "ironhead",
                "knockoff",
                "tripleaxel"
            ],
            "ability": "Slush Rush",
            "evs": {
                "hp": 85,
                "atk": 85,
                "def": 85,
                "spa": 85,
                "spd": 85,
                "spe": 85
            },
            "ivs": {
                "hp": 31,
                "atk": 31,
                "def": 31,
                "spa": 31,
                "spd": 31,
                "spe": 31
            },
            "item": "Assault Vest",
            "teraType": "Water",
            "role": "Bulky Support"
        },
        {
            "name": "Jirachi",
            "species": "Jirachi",
            "gender": "N",
            "shiny": false,
            "level": 80,
            "moves": [
                "wish",
                "protect",
                "ironhead",
                "bodyslam"
            ],
            "ability": "Serene Grace",
            "evs": {
                "hp": 85,
                "atk": 85,
                "def": 85,
                "spa": 85,
                "spd": 85,
                "spe": 85
            },
            "ivs": {
                "hp": 31,
                "atk": 31,
                "def": 31,
                "spa": 31,
                "spd": 31,
                "spe": 31
            },
            "item": "Leftovers",
            "teraType": "Water",
            "role": "Fast Support"
        },
        {
            "name": "Poliwrath",
            "species": "Poliwrath",
            "gender": "",
            "shiny": false,
            "level": 88,
            "moves": [
                "drainpunch",
                "liquidation",
                "poisonjab",
                "bulkup"
            ],
            "ability": "Water Absorb",
            "evs": {
                "hp": 85,
                "atk": 85,
                "def": 85,
                "spa": 85,
                "spd": 85,
                "spe": 85
            },
            "ivs": {
                "hp": 31,
                "atk": 31,
                "def": 31,
                "spa": 31,
                "spd": 31,
                "spe": 31
            },
            "item": "Leftovers",
            "teraType": "Steel",
            "role": "Bulky Setup"
        },
        {
            "name": "Terrakion",
            "species": "Terrakion",
            "gender": "N",
            "shiny": false,
            "level": 79,
            "moves": [
                "stoneedge",
                "closecombat",
                "quickattack",
                "earthquake"
            ],
            "ability": "Justified",
            "evs": {
                "hp": 85,
                "atk": 85,
                "def": 85,
                "spa": 85,
                "spd": 85,
                "spe": 85
            },
            "ivs": {
                "hp": 31,
                "atk": 31,
                "def": 31,
                "spa": 31,
                "spd": 31,
                "spe": 31
            },
            "item": "Choice Band",
            "teraType": "Ground",
            "role": "Wallbreaker"
        },
        {
            "name": "Leafeon",
            "species": "Leafeon",
            "gender": "",
            "shiny": false,
            "level": 88,
            "moves": [
                "leafblade",
                "swordsdance",
                "knockoff",
                "synthesis"
            ],
            "ability": "Chlorophyll",
            "evs": {
                "hp": 85,
                "atk": 85,
                "def": 85,
                "spa": 85,
                "spd": 85,
                "spe": 85
            },
            "ivs": {
                "hp": 31,
                "atk": 31,
                "def": 31,
                "spa": 31,
                "spd": 31,
                "spe": 31
            },
            "item": "Life Orb",
            "teraType": "Dark",
            "role": "Setup Sweeper"
        }
    ],
    "p2team": [
        {
            "name": "Ting-Lu",
            "species": "Ting-Lu",
            "gender": "N",
            "shiny": false,
            "level": 78,
            "moves": [
                "spikes",
                "stealthrock",
                "earthquake",
                "throatchop"
            ],
            "ability": "Vessel of Ruin",
            "evs": {
                "hp": 85,
                "atk": 85,
                "def": 85,
                "spa": 85,
                "spd": 85,
                "spe": 85
            },
            "ivs": {
                "hp": 31,
                "atk": 31,
                "def": 31,
                "spa": 31,
                "spd": 31,
                "spe": 31
            },
            "item": "Leftovers",
            "teraType": "Ghost",
            "role": "Bulky Support"
        },
        {
            "name": "Hypno",
            "species": "Hypno",
            "gender": "",
            "shiny": false,
            "level": 95,
            "moves": [
                "psychicnoise",
                "thunderwave",
                "knockoff",
                "encore"
            ],
            "ability": "Insomnia",
            "evs": {
                "hp": 85,
                "atk": 85,
                "def": 85,
                "spa": 85,
                "spd": 85,
                "spe": 85
            },
            "ivs": {
                "hp": 31,
                "atk": 31,
                "def": 31,
                "spa": 31,
                "spd": 31,
                "spe": 31
            },
            "item": "Leftovers",
            "teraType": "Dark",
            "role": "Bulky Support"
        },
        {
            "name": "Wugtrio",
            "species": "Wugtrio",
            "gender": "",
            "shiny": false,
            "level": 91,
            "moves": [
                "liquidation",
                "throatchop",
                "aquajet",
                "stompingtantrum"
            ],
            "ability": "Gooey",
            "evs": {
                "hp": 85,
                "atk": 85,
                "def": 85,
                "spa": 85,
                "spd": 85,
                "spe": 85
            },
            "ivs": {
                "hp": 31,
                "atk": 31,
                "def": 31,
                "spa": 31,
                "spd": 31,
                "spe": 31
            },
            "item": "Choice Band",
            "teraType": "Water",
            "role": "Fast Attacker"
        },
        {
            "name": "Manaphy",
            "species": "Manaphy",
            "gender": "N",
            "shiny": false,
            "level": 78,
            "moves": [
                "surf",
                "energyball",
                "tailglow",
                "icebeam"
            ],
            "ability": "Hydration",
            "evs": {
                "hp": 85,
                "atk": 0,
                "def": 85,
                "spa": 85,
                "spd": 85,
                "spe": 85
            },
            "ivs": {
                "hp": 31,
                "atk": 0,
                "def": 31,
                "spa": 31,
                "spd": 31,
                "spe": 31
            },
            "item": "Leftovers",
            "teraType": "Grass",
            "role": "Bulky Setup"
        },
        {
            "name": "Dragapult",
            "species": "Dragapult",
            "gender": "",
            "shiny": false,
            "level": 77,
            "moves": [
                "dragondarts",
                "dragondance",
                "terablast",
                "fireblast"
            ],
            "ability": "Infiltrator",
            "evs": {
                "hp": 85,
                "atk": 85,
                "def": 85,
                "spa": 85,
                "spd": 85,
                "spe": 85
            },
            "ivs": {
                "hp": 31,
                "atk": 31,
                "def": 31,
                "spa": 31,
                "spd": 31,
                "spe": 31
            },
            "item": "Life Orb",
            "teraType": "Ghost",
            "role": "Tera Blast user"
        },
        {
            "name": "Greedent",
            "species": "Greedent",
            "gender": "",
            "shiny": false,
            "level": 86,
            "moves": [
                "earthquake",
                "knockoff",
                "swordsdance",
                "bodyslam"
            ],
            "ability": "Cheek Pouch",
            "evs": {
                "hp": 85,
                "atk": 85,
                "def": 85,
                "spa": 85,
                "spd": 85,
                "spe": 85
            },
            "ivs": {
                "hp": 31,
                "atk": 31,
                "def": 31,
                "spa": 31,
                "spd": 31,
                "spe": 31
            },
            "item": "Sitrus Berry",
            "teraType": "Ground",
            "role": "Bulky Setup"
        }
    ],
    "score": [
        0,
        5
    ],
    "inputLog": [
        ">version 40d9c5fb874828a5ac5e80ab411b3f152e2a6b12",
        ">start {\"formatid\":\"gen9randombattle\",\"seed\":[6151,22301,9914,17934],\"rated\":\"Rated battle\"}",
        ">player p1 {\"name\":\"RandomPlayer 21\",\"avatar\":\"265\",\"rating\":1118,\"seed\":[51933,30415,284,52890]}",
        ">player p2 {\"name\":\"RandomPlayer 22\",\"avatar\":\"169\",\"rating\":1153,\"seed\":[19347,8792,21460,14851]}",
        ">p1 switch 5",
        ">p2 switch 6",
        ">p1 switch 2",
        ">p2 move knockoff",
        ">p1 switch 3",
        ">p2 switch 6",
        ">p1 switch 5",
        ">p2 switch 5",
        ">p1 switch 5",
        ">p2 move fireblast terastallize",
        ">p1 switch 3",
        ">p2 move dragondance",
        ">p1 switch 4",
        ">p2 move dragondarts",
        ">p1 move drainpunch",
        ">p2 switch 2",
        ">p1 move poisonjab terastallize",
        ">p2 switch 6",
        ">p1 move poisonjab",
        ">p2 move bodyslam",
        ">p1 move poisonjab",
        ">p2 move earthquake",
        ">p1 switch 5",
        ">p2 move bodyslam",
        ">p1 switch 6",
        ">p2 move bodyslam",
        ">p1 switch 5",
        ">p2 switch 3",
        ">p1 switch 2",
        ">p2 switch 2",
        ">p1 switch 4",
        ">p2 move dragondarts",
        ">p1 move tripleaxel",
        ">p2 switch 5",
        ">p1 switch 2",
        ">p2 switch 3",
        ">p1 switch 2",
        ">p2 switch 4",
        ">p1 switch 6",
        ">p2 switch 3",
        ">p1 move flipturn",
        ">p2 move throatchop",
        ">p1 switch 5",
        ">p1 switch 4",
        ">p2 move spikes",
        ">p1 switch 3",
        ">p2 move spikes",
        ">p1 switch 3",
        ">p2 switch 6",
        ">p1 switch 4",
        ">p2 switch 2",
        ">p1 switch 4",
        ">p2 move throatchop",
        ">p1 switch 4",
        ">p2 move throatchop",
        ">p1 switch 2",
        ">p2 switch 5",
        ">p1 switch 4",
        ">p2 switch 3",
        ">p1 switch 4",
        ">p2 switch 5",
        ">p1 switch 3",
        ">p2 switch 3",
        ">p1 move wish",
        ">p2 move dragondance",
        ">p1 switch 3",
        ">p2 switch 4",
        ">p1 switch 2",
        ">p1 switch 4",
        ">p1 move quickattack",
        ">p2 switch 6",
        ">p1 switch 6",
        ">p2 switch 4",
        ">p1 move rapidspin",
        ">p2 move fireblast",
        ">p1 switch 3",
        ">p1 switch 6",
        ">p2 move dragondance",
        ">p1 switch 6",
        ">p1 move ironhead",
        ">p2 move dragondance",
        ">p1 move ironhead",
        ">p2 move dragondance",
        ">p2 switch 6",
        ">p1 move protect",
        ">p2 switch 3",
        ">p1 move ironhead",
        ">p2 switch 4",
        ">p1 move bodyslam",
        ">p2 switch 3",
        ">p1 move ironhead",
        ">p2 switch 3",
        ">p1 move bodyslam",
        ">p2 move throatchop"
    ],
    "log": [
        "|uhtml|medal-msg|<div class=\"broadcast-blue\">Curious what those medals under the avatar are? PS now has Ladder Seasons! For more information, check out the <a href=\"https://www.smogon.com/forums/threads/3740067/\">thread on Smogon.</a></div>",
        "|uhtml|medal-msg|<div class=\"broadcast-blue\">Curious what those medals under the avatar are? PS now has Ladder Seasons! For more information, check out the <a href=\"https://www.smogon.com/forums/threads/3740067/\">thread on Smogon.</a></div>",
        "|j|☆RandomPlayer 21",
        "|j|☆RandomPlayer 22",
        "|t:|1712786727",
        "|gametype|singles",
        "|player|p1|RandomPlayer 21|265|1118",
        "|player|p2|RandomPlayer 22|169|1153",
        "|teamsize|p1|6",
        "|teamsize|p2|6",
        "|gen|9",
        "|tier|[Gen 9] Random Battle",
        "|rated|",
        "|rule|Species Clause: Limit one of each Pokémon",
        "|rule|HP Percentage Mod: HP is shown in percentages",
        "|rule|Sleep Clause Mod: Limit one foe put to sleep",
        "|rule|Illusion Level Mod: Illusion disguises the Pokémon's true level",
        "|",
        "|t:|1712786727",
        "|start",
        "|switch|p1a: Barraskewda|Barraskewda, L81, F|231/231",
        "|switch|p2a: Ting-Lu|Ting-Lu, L78|370/370",
        "|-ability|p2a: Ting-Lu|Vessel of Ruin",
        "|turn|1",
        "|",
        "|t:|1712786727",
        "|switch|p1a: Terrakion|Terrakion, L79|273/273",
        "|switch|p2a: Greedent|Greedent, L86, F|347/347",
        "|",
        "|upkeep",
        "|turn|2",
        "|",
        "|t:|1712786727",
        "|switch|p1a: Sandslash|Sandslash-Alola, L88, F|275/275",
        "|move|p2a: Greedent|Knock Off|p1a: Sandslash",
        "|-damage|p1a: Sandslash|219/275",
        "|-enditem|p1a: Sandslash|Assault Vest|[from] move: Knock Off|[of] p2a: Greedent",
        "|",
        "|upkeep",
        "|turn|3",
        "|",
        "|t:|1712786727",
        "|switch|p1a: Jirachi|Jirachi, L80|291/291",
        "|switch|p2a: Ting-Lu|Ting-Lu, L78|370/370",
        "|-ability|p2a: Ting-Lu|Vessel of Ruin",
        "|",
        "|upkeep",
        "|turn|4",
        "|",
        "|t:|1712786727",
        "|switch|p1a: Barraskewda|Barraskewda, L81, F|231/231",
        "|switch|p2a: Dragapult|Dragapult, L77, M|262/262",
        "|",
        "|upkeep",
        "|turn|5",
        "|",
        "|t:|1712786727",
        "|switch|p1a: Jirachi|Jirachi, L80|291/291",
        "|-terastallize|p2a: Dragapult|Ghost",
        "|move|p2a: Dragapult|Fire Blast|p1a: Jirachi",
        "|-supereffective|p1a: Jirachi",
        "|-damage|p1a: Jirachi|119/291",
        "|-damage|p2a: Dragapult|236/262|[from] item: Life Orb",
        "|",
        "|-heal|p1a: Jirachi|137/291|[from] item: Leftovers",
        "|upkeep",
        "|turn|6",
        "|",
        "|t:|1712786727",
        "|switch|p1a: Sandslash|Sandslash-Alola, L88, F|219/275",
        "|move|p2a: Dragapult|Dragon Dance|p2a: Dragapult",
        "|-boost|p2a: Dragapult|atk|1",
        "|-boost|p2a: Dragapult|spe|1",
        "|",
        "|upkeep",
        "|turn|7",
        "|",
        "|t:|1712786727",
        "|switch|p1a: Poliwrath|Poliwrath, L88, M|302/302",
        "|move|p2a: Dragapult|Dragon Darts|p1a: Poliwrath",
        "|-damage|p1a: Poliwrath|205/302",
        "|-anim|p2a: Dragapult|Dragon Darts|p1a: Poliwrath",
        "|-damage|p1a: Poliwrath|119/302",
        "|-damage|p2a: Dragapult|210/262|[from] item: Life Orb",
        "|",
        "|-heal|p1a: Poliwrath|137/302|[from] item: Leftovers",
        "|upkeep",
        "|turn|8",
        "|",
        "|t:|1712786727",
        "|switch|p2a: Hypno|Hypno, L95, M|315/315",
        "|move|p1a: Poliwrath|Drain Punch|p2a: Hypno",
        "|-resisted|p2a: Hypno",
        "|-crit|p2a: Hypno",
        "|-damage|p2a: Hypno|250/315",
        "|-heal|p1a: Poliwrath|170/302|[from] drain|[of] p2a: Hypno",
        "|",
        "|-heal|p2a: Hypno|269/315|[from] item: Leftovers",
        "|-heal|p1a: Poliwrath|188/302|[from] item: Leftovers",
        "|upkeep",
        "|turn|9",
        "|",
        "|t:|1712786727",
        "|switch|p2a: Greedent|Greedent, L86, F|347/347",
        "|-terastallize|p1a: Poliwrath|Steel",
        "|move|p1a: Poliwrath|Poison Jab|p2a: Greedent",
        "|-damage|p2a: Greedent|293/347",
        "|",
        "|-heal|p1a: Poliwrath|206/302|[from] item: Leftovers",
        "|upkeep",
        "|turn|10",
        "|",
        "|t:|1712786727",
        "|move|p1a: Poliwrath|Poison Jab|p2a: Greedent",
        "|-damage|p2a: Greedent|239/347",
        "|-status|p2a: Greedent|psn",
        "|move|p2a: Greedent|Body Slam|p1a: Poliwrath",
        "|-resisted|p1a: Poliwrath",
        "|-damage|p1a: Poliwrath|167/302",
        "|",
        "|-heal|p1a: Poliwrath|185/302|[from] item: Leftovers",
        "|-damage|p2a: Greedent|196/347 psn|[from] psn",
        "|upkeep",
        "|turn|11",
        "|",
        "|t:|1712786727",
        "|move|p1a: Poliwrath|Poison Jab|p2a: Greedent",
        "|-damage|p2a: Greedent|136/347 psn",
        "|-enditem|p2a: Greedent|Sitrus Berry|[eat]",
        "|-heal|p2a: Greedent|222/347 psn|[from] item: Sitrus Berry",
        "|-heal|p2a: Greedent|337/347 psn|[from] ability: Cheek Pouch",
        "|move|p2a: Greedent|Earthquake|p1a: Poliwrath",
        "|-supereffective|p1a: Poliwrath",
        "|-damage|p1a: Poliwrath|57/302",
        "|",
        "|-heal|p1a: Poliwrath|75/302|[from] item: Leftovers",
        "|-damage|p2a: Greedent|294/347 psn|[from] psn",
        "|upkeep",
        "|turn|12",
        "|",
        "|t:|1712786727",
        "|switch|p1a: Barraskewda|Barraskewda, L81, F|231/231",
        "|move|p2a: Greedent|Body Slam|p1a: Barraskewda",
        "|-damage|p1a: Barraskewda|93/231",
        "|-status|p1a: Barraskewda|par",
        "|",
        "|-damage|p2a: Greedent|251/347 psn|[from] psn",
        "|upkeep",
        "|turn|13",
        "|",
        "|t:|1712786727",
        "|switch|p1a: Leafeon|Leafeon, L88, M|258/258",
        "|move|p2a: Greedent|Body Slam|p1a: Leafeon",
        "|-damage|p1a: Leafeon|194/258",
        "|-status|p1a: Leafeon|par",
        "|",
        "|-damage|p2a: Greedent|208/347 psn|[from] psn",
        "|upkeep",
        "|turn|14",
        "|",
        "|t:|1712786727",
        "|switch|p1a: Poliwrath|Poliwrath, L88, M, tera:Steel|75/302",
        "|switch|p2a: Wugtrio|Wugtrio, L91, F|212/212",
        "|",
        "|-heal|p1a: Poliwrath|93/302|[from] item: Leftovers",
        "|upkeep",
        "|turn|15",
        "|",
        "|t:|1712786727",
        "|switch|p2a: Dragapult|Dragapult, L77, M, tera:Ghost|210/262",
        "|switch|p1a: Terrakion|Terrakion, L79|273/273",
        "|",
        "|upkeep",
        "|turn|16",
        "|",
        "|t:|1712786727",
        "|switch|p1a: Sandslash|Sandslash-Alola, L88, F|219/275",
        "|move|p2a: Dragapult|Dragon Darts|p1a: Sandslash",
        "|-resisted|p1a: Sandslash",
        "|-damage|p1a: Sandslash|196/275",
        "|-anim|p2a: Dragapult|Dragon Darts|p1a: Sandslash",
        "|-resisted|p1a: Sandslash",
        "|-damage|p1a: Sandslash|170/275",
        "|-damage|p2a: Dragapult|184/262|[from] item: Life Orb",
        "|",
        "|upkeep",
        "|turn|17",
        "|",
        "|t:|1712786727",
        "|switch|p2a: Ting-Lu|Ting-Lu, L78|370/370",
        "|-ability|p2a: Ting-Lu|Vessel of Ruin",
        "|move|p1a: Sandslash|Triple Axel|p2a: Ting-Lu",
        "|-supereffective|p2a: Ting-Lu",
        "|-damage|p2a: Ting-Lu|328/370",
        "|-hitcount|p2a: Ting-Lu|1",
        "|",
        "|-heal|p2a: Ting-Lu|351/370|[from] item: Leftovers",
        "|upkeep",
        "|turn|18",
        "|",
        "|t:|1712786727",
        "|switch|p1a: Poliwrath|Poliwrath, L88, M, tera:Steel|93/302",
        "|switch|p2a: Greedent|Greedent, L86, F|208/347 psn",
        "|",
        "|-heal|p1a: Poliwrath|111/302|[from] item: Leftovers",
        "|-damage|p2a: Greedent|165/347 psn|[from] psn",
        "|upkeep",
        "|turn|19",
        "|",
        "|t:|1712786727",
        "|switch|p1a: Sandslash|Sandslash-Alola, L88, F|170/275",
        "|switch|p2a: Manaphy|Manaphy, L78|284/284",
        "|",
        "|upkeep",
        "|turn|20",
        "|",
        "|t:|1712786727",
        "|switch|p2a: Ting-Lu|Ting-Lu, L78|351/370",
        "|-ability|p2a: Ting-Lu|Vessel of Ruin",
        "|switch|p1a: Barraskewda|Barraskewda, L81, F|93/231 par",
        "|",
        "|-heal|p2a: Ting-Lu|370/370|[from] item: Leftovers",
        "|upkeep",
        "|turn|21",
        "|",
        "|t:|1712786727",
        "|cant|p1a: Barraskewda|par",
        "|move|p2a: Ting-Lu|Throat Chop|p1a: Barraskewda",
        "|-damage|p1a: Barraskewda|0 fnt",
        "|faint|p1a: Barraskewda",
        "|",
        "|upkeep",
        "|",
        "|t:|1712786727",
        "|switch|p1a: Leafeon|Leafeon, L88, M|194/258 par",
        "|turn|22",
        "|",
        "|t:|1712786727",
        "|switch|p1a: Terrakion|Terrakion, L79|273/273",
        "|move|p2a: Ting-Lu|Spikes|p1a: Terrakion",
        "|-sidestart|p1: RandomPlayer 21|Spikes",
        "|",
        "|upkeep",
        "|turn|23",
        "|",
        "|t:|1712786727",
        "|switch|p1a: Jirachi|Jirachi, L80|137/291",
        "|-damage|p1a: Jirachi|101/291|[from] Spikes",
        "|move|p2a: Ting-Lu|Spikes|p1a: Jirachi",
        "|-sidestart|p1: RandomPlayer 21|Spikes",
        "|",
        "|-heal|p1a: Jirachi|119/291|[from] item: Leftovers",
        "|upkeep",
        "|turn|24",
        "|",
        "|t:|1712786727",
        "|switch|p1a: Terrakion|Terrakion, L79|273/273",
        "|-damage|p1a: Terrakion|228/273|[from] Spikes",
        "|switch|p2a: Hypno|Hypno, L95, M|269/315",
        "|",
        "|-heal|p2a: Hypno|288/315|[from] item: Leftovers",
        "|upkeep",
        "|turn|25",
        "|",
        "|t:|1712786727",
        "|switch|p1a: Leafeon|Leafeon, L88, M|194/258 par",
        "|-damage|p1a: Leafeon|151/258 par|[from] Spikes",
        "|switch|p2a: Wugtrio|Wugtrio, L91, F|212/212",
        "|",
        "|upkeep",
        "|turn|26",
        "|",
        "|t:|1712786727",
        "|switch|p1a: Terrakion|Terrakion, L79|228/273",
        "|-damage|p1a: Terrakion|183/273|[from] Spikes",
        "|move|p2a: Wugtrio|Throat Chop|p1a: Terrakion",
        "|-resisted|p1a: Terrakion",
        "|-damage|p1a: Terrakion|127/273",
        "|-start|p1a: Terrakion|Throat Chop|[silent]",
        "|-ability|p1a: Terrakion|Justified|boost",
        "|-boost|p1a: Terrakion|atk|1",
        "|",
        "|upkeep",
        "|turn|27",
        "|",
        "|t:|1712786727",
        "|switch|p1a: Leafeon|Leafeon, L88, M|151/258 par",
        "|-damage|p1a: Leafeon|108/258 par|[from] Spikes",
        "|move|p2a: Wugtrio|Throat Chop|p1a: Leafeon",
        "|-damage|p1a: Leafeon|39/258 par",
        "|-start|p1a: Leafeon|Throat Chop|[silent]",
        "|",
        "|upkeep",
        "|turn|28",
        "|",
        "|t:|1712786727",
        "|switch|p2a: Dragapult|Dragapult, L77, M, tera:Ghost|184/262",
        "|switch|p1a: Poliwrath|Poliwrath, L88, M, tera:Steel|111/302",
        "|-damage|p1a: Poliwrath|61/302|[from] Spikes",
        "|",
        "|-heal|p1a: Poliwrath|79/302|[from] item: Leftovers",
        "|upkeep",
        "|turn|29",
        "|",
        "|t:|1712786727",
        "|switch|p2a: Manaphy|Manaphy, L78|284/284",
        "|switch|p1a: Terrakion|Terrakion, L79|127/273",
        "|-damage|p1a: Terrakion|82/273|[from] Spikes",
        "|",
        "|upkeep",
        "|turn|30",
        "|",
        "|t:|1712786727",
        "|switch|p1a: Poliwrath|Poliwrath, L88, M, tera:Steel|79/302",
        "|-damage|p1a: Poliwrath|29/302|[from] Spikes",
        "|switch|p2a: Wugtrio|Wugtrio, L91, F|212/212",
        "|",
        "|-heal|p1a: Poliwrath|47/302|[from] item: Leftovers",
        "|upkeep",
        "|turn|31",
        "|",
        "|t:|1712786727",
        "|switch|p2a: Dragapult|Dragapult, L77, M, tera:Ghost|184/262",
        "|switch|p1a: Jirachi|Jirachi, L80|119/291",
        "|-damage|p1a: Jirachi|71/291|[from] Spikes",
        "|",
        "|-heal|p1a: Jirachi|89/291|[from] item: Leftovers",
        "|upkeep",
        "|turn|32",
        "|",
        "|t:|1712786727",
        "|move|p2a: Dragapult|Dragon Dance|p2a: Dragapult",
        "|-boost|p2a: Dragapult|atk|1",
        "|-boost|p2a: Dragapult|spe|1",
        "|move|p1a: Jirachi|Wish|p1a: Jirachi",
        "|",
        "|-heal|p1a: Jirachi|107/291|[from] item: Leftovers",
        "|upkeep",
        "|turn|33",
        "|",
        "|t:|1712786727",
        "|switch|p2a: Greedent|Greedent, L86, F|165/347 psn",
        "|switch|p1a: Poliwrath|Poliwrath, L88, M, tera:Steel|47/302",
        "|-damage|p1a: Poliwrath|0 fnt|[from] Spikes",
        "|faint|p1a: Poliwrath",
        "|",
        "|-damage|p2a: Greedent|122/347 psn|[from] psn",
        "|upkeep",
        "|",
        "|t:|1712786727",
        "|switch|p1a: Leafeon|Leafeon, L88, M|39/258 par",
        "|-damage|p1a: Leafeon|0 fnt|[from] Spikes",
        "|faint|p1a: Leafeon",
        "|",
        "|t:|1712786727",
        "|switch|p1a: Terrakion|Terrakion, L79|82/273",
        "|-damage|p1a: Terrakion|37/273|[from] Spikes",
        "|turn|34",
        "|",
        "|t:|1712786727",
        "|switch|p2a: Ting-Lu|Ting-Lu, L78|370/370",
        "|-ability|p2a: Ting-Lu|Vessel of Ruin",
        "|move|p1a: Terrakion|Quick Attack|p2a: Ting-Lu",
        "|-damage|p2a: Ting-Lu|327/370",
        "|",
        "|-heal|p2a: Ting-Lu|350/370|[from] item: Leftovers",
        "|upkeep",
        "|turn|35",
        "|",
        "|t:|1712786727",
        "|switch|p1a: Sandslash|Sandslash-Alola, L88, F|170/275",
        "|-damage|p1a: Sandslash|125/275|[from] Spikes",
        "|switch|p2a: Dragapult|Dragapult, L77, M, tera:Ghost|184/262",
        "|",
        "|upkeep",
        "|turn|36",
        "|",
        "|t:|1712786727",
        "|move|p2a: Dragapult|Fire Blast|p1a: Sandslash",
        "|-supereffective|p1a: Sandslash",
        "|-damage|p1a: Sandslash|0 fnt",
        "|faint|p1a: Sandslash",
        "|-damage|p2a: Dragapult|158/262|[from] item: Life Orb",
        "|",
        "|upkeep",
        "|",
        "|t:|1712786727",
        "|switch|p1a: Jirachi|Jirachi, L80|107/291",
        "|-damage|p1a: Jirachi|59/291|[from] Spikes",
        "|turn|37",
        "|",
        "|t:|1712786727",
        "|switch|p1a: Terrakion|Terrakion, L79|37/273",
        "|-damage|p1a: Terrakion|0 fnt|[from] Spikes",
        "|faint|p1a: Terrakion",
        "|move|p2a: Dragapult|Dragon Dance|p2a: Dragapult",
        "|-boost|p2a: Dragapult|atk|1",
        "|-boost|p2a: Dragapult|spe|1",
        "|",
        "|upkeep",
        "|",
        "|t:|1712786727",
        "|switch|p1a: Jirachi|Jirachi, L80|59/291",
        "|-damage|p1a: Jirachi|11/291|[from] Spikes",
        "|turn|38",
        "|",
        "|t:|1712786727",
        "|move|p2a: Dragapult|Dragon Dance|p2a: Dragapult",
        "|-boost|p2a: Dragapult|atk|1",
        "|-boost|p2a: Dragapult|spe|1",
        "|move|p1a: Jirachi|Iron Head|p2a: Dragapult",
        "|-damage|p2a: Dragapult|62/262",
        "|",
        "|-heal|p1a: Jirachi|29/291|[from] item: Leftovers",
        "|upkeep",
        "|turn|39",
        "|",
        "|t:|1712786727",
        "|move|p2a: Dragapult|Dragon Dance|p2a: Dragapult",
        "|-boost|p2a: Dragapult|atk|1",
        "|-boost|p2a: Dragapult|spe|1",
        "|move|p1a: Jirachi|Iron Head|p2a: Dragapult",
        "|-damage|p2a: Dragapult|0 fnt",
        "|faint|p2a: Dragapult",
        "|",
        "|-heal|p1a: Jirachi|47/291|[from] item: Leftovers",
        "|upkeep",
        "|",
        "|t:|1712786727",
        "|switch|p2a: Greedent|Greedent, L86, F|122/347 psn",
        "|turn|40",
        "|",
        "|t:|1712786727",
        "|switch|p2a: Wugtrio|Wugtrio, L91, F|212/212",
        "|move|p1a: Jirachi|Protect||[still]",
        "|-fail|p1a: Jirachi",
        "|",
        "|-heal|p1a: Jirachi|65/291|[from] item: Leftovers",
        "|upkeep",
        "|turn|41",
        "|",
        "|t:|1712786727",
        "|switch|p2a: Ting-Lu|Ting-Lu, L78|350/370",
        "|-ability|p2a: Ting-Lu|Vessel of Ruin",
        "|move|p1a: Jirachi|Iron Head|p2a: Ting-Lu",
        "|-damage|p2a: Ting-Lu|286/370",
        "|",
        "|-heal|p1a: Jirachi|83/291|[from] item: Leftovers",
        "|-heal|p2a: Ting-Lu|309/370|[from] item: Leftovers",
        "|upkeep",
        "|turn|42",
        "|",
        "|t:|1712786727",
        "|switch|p2a: Greedent|Greedent, L86, F|122/347 psn",
        "|move|p1a: Jirachi|Body Slam|p2a: Greedent",
        "|-damage|p2a: Greedent|72/347 psn",
        "|",
        "|-heal|p1a: Jirachi|101/291|[from] item: Leftovers",
        "|-damage|p2a: Greedent|29/347 psn|[from] psn",
        "|upkeep",
        "|turn|43",
        "|",
        "|t:|1712786727",
        "|switch|p2a: Ting-Lu|Ting-Lu, L78|309/370",
        "|-ability|p2a: Ting-Lu|Vessel of Ruin",
        "|move|p1a: Jirachi|Iron Head|p2a: Ting-Lu",
        "|-damage|p2a: Ting-Lu|245/370",
        "|",
        "|-heal|p1a: Jirachi|119/291|[from] item: Leftovers",
        "|-heal|p2a: Ting-Lu|268/370|[from] item: Leftovers",
        "|upkeep",
        "|turn|44",
        "|",
        "|t:|1712786727",
        "|move|p1a: Jirachi|Body Slam|p2a: Ting-Lu",
        "|-damage|p2a: Ting-Lu|223/370",
        "|move|p2a: Ting-Lu|Throat Chop|p1a: Jirachi",
        "|-supereffective|p1a: Jirachi",
        "|-damage|p1a: Jirachi|0 fnt",
        "|faint|p1a: Jirachi",
        "|",
        "|win|RandomPlayer 22",
        "|raw|RandomPlayer 21's rating: 1103 &rarr; <strong>1091</strong><br />(-12 for losing)",
        "|raw|RandomPlayer 22's rating: 1180 &rarr; <strong>1201</strong><br />(+21 for winning)",
        ""
    ],
    "p1rating": 1091.1282282217662,
    "p2rating": 1200.933970702824,
    "endType": "normal",
    "timestamp": "Wed Apr 10 2024 15:05:27 GMT-0700 (Pacific Daylight Time)",
    "roomid": "battle-gen9randombattle-1218",
    "format": "gen9randombattle"
}
