{
    "winner": "RandomPlayer 17",
    "seed": [
        31775,
        3382,
        42816,
        31318
    ],
    "turns": 45,
    "p1": "RandomPlayer 18",
    "p2": "RandomPlayer 17",
    "p1team": [
        {
            "name": "Slither Wing",
            "species": "Slither Wing",
            "gender": "N",
            "shiny": false,
            "level": 81,
            "moves": [
                "wildcharge",
                "earthquake",
                "closecombat",
                "uturn"
            ],
            "ability": "Protosynthesis",
            "evs": {
                "hp": 85,
                "atk": 85,
                "def": 85,
                "spa": 85,
                "spd": 85,
                "spe": 85
            },
            "ivs": {
                "hp": 31,
                "atk": 31,
                "def": 31,
                "spa": 31,
                "spd": 31,
                "spe": 31
            },
            "item": "Choice Band",
            "teraType": "Fighting",
            "role": "Fast Attacker"
        },
        {
            "name": "Minior",
            "species": "Minior-Green",
            "gender": "N",
            "shiny": false,
            "level": 79,
            "moves": [
                "shellsmash",
                "acrobatics",
                "powergem",
                "earthquake"
            ],
            "ability": "Shields Down",
            "evs": {
                "hp": 77,
                "atk": 85,
                "def": 85,
                "spa": 85,
                "spd": 85,
                "spe": 85
            },
            "ivs": {
                "hp": 31,
                "atk": 31,
                "def": 31,
                "spa": 31,
                "spd": 31,
                "spe": 31
            },
            "item": "White Herb",
            "teraType": "Ground",
            "role": "Setup Sweeper"
        },
        {
            "name": "Registeel",
            "species": "Registeel",
            "gender": "N",
            "shiny": false,
            "level": 82,
            "moves": [
                "stealthrock",
                "thunderwave",
                "bodypress",
                "ironhead"
            ],
            "ability": "Clear Body",
            "evs": {
                "hp": 85,
                "atk": 85,
                "def": 85,
                "spa": 85,
                "spd": 85,
                "spe": 85
            },
            "ivs": {
                "hp": 31,
                "atk": 31,
                "def": 31,
                "spa": 31,
                "spd": 31,
                "spe": 31
            },
            "item": "Leftovers",
            "teraType": "Fighting",
            "role": "Bulky Support"
        },
        {
            "name": "Scyther",
            "species": "Scyther",
            "gender": "",
            "shiny": false,
            "level": 82,
            "moves": [
                "defog",
                "dualwingbeat",
                "uturn",
                "closecombat"
            ],
            "ability": "Technician",
            "evs": {
                "hp": 85,
                "atk": 85,
                "def": 85,
                "spa": 85,
                "spd": 85,
                "spe": 85
            },
            "ivs": {
                "hp": 31,
                "atk": 31,
                "def": 31,
                "spa": 31,
                "spd": 31,
                "spe": 31
            },
            "item": "Heavy-Duty Boots",
            "teraType": "Fighting",
            "role": "Fast Support"
        },
        {
            "name": "Iron Bundle",
            "species": "Iron Bundle",
            "gender": "N",
            "shiny": false,
            "level": 77,
            "moves": [
                "freezedry",
                "encore",
                "hydropump",
                "icebeam"
            ],
            "ability": "Quark Drive",
            "evs": {
                "hp": 85,
                "atk": 0,
                "def": 85,
                "spa": 85,
                "spd": 85,
                "spe": 85
            },
            "ivs": {
                "hp": 31,
                "atk": 0,
                "def": 31,
                "spa": 31,
                "spd": 31,
                "spe": 31
            },
            "item": "Heavy-Duty Boots",
            "teraType": "Water",
            "role": "Fast Attacker"
        },
        {
            "name": "Gumshoos",
            "species": "Gumshoos",
            "gender": "",
            "shiny": false,
            "level": 95,
            "moves": [
                "earthquake",
                "knockoff",
                "uturn",
                "doubleedge"
            ],
            "ability": "Adaptability",
            "evs": {
                "hp": 85,
                "atk": 85,
                "def": 85,
                "spa": 85,
                "spd": 85,
                "spe": 85
            },
            "ivs": {
                "hp": 31,
                "atk": 31,
                "def": 31,
                "spa": 31,
                "spd": 31,
                "spe": 31
            },
            "item": "Choice Band",
            "teraType": "Normal",
            "role": "Wallbreaker"
        }
    ],
    "p2team": [
        {
            "name": "Skuntank",
            "species": "Skuntank",
            "gender": "",
            "shiny": false,
            "level": 84,
            "moves": [
                "taunt",
                "toxicspikes",
                "knockoff",
                "gunkshot"
            ],
            "ability": "Aftermath",
            "evs": {
                "hp": 85,
                "atk": 85,
                "def": 85,
                "spa": 85,
                "spd": 85,
                "spe": 85
            },
            "ivs": {
                "hp": 31,
                "atk": 31,
                "def": 31,
                "spa": 31,
                "spd": 31,
                "spe": 31
            },
            "item": "Focus Sash",
            "teraType": "Poison",
            "role": "Fast Support"
        },
        {
            "name": "Gouging Fire",
            "species": "Gouging Fire",
            "gender": "N",
            "shiny": false,
            "level": 74,
            "moves": [
                "outrage",
                "heatcrash",
                "dragondance",
                "earthquake"
            ],
            "ability": "Protosynthesis",
            "evs": {
                "hp": 85,
                "atk": 85,
                "def": 85,
                "spa": 85,
                "spd": 85,
                "spe": 85
            },
            "ivs": {
                "hp": 31,
                "atk": 31,
                "def": 31,
                "spa": 31,
                "spd": 31,
                "spe": 31
            },
            "item": "Heavy-Duty Boots",
            "teraType": "Ground",
            "role": "Setup Sweeper"
        },
        {
            "name": "Raikou",
            "species": "Raikou",
            "gender": "N",
            "shiny": false,
            "level": 81,
            "moves": [
                "thunderbolt",
                "substitute",
                "calmmind",
                "scald"
            ],
            "ability": "Pressure",
            "evs": {
                "hp": 85,
                "atk": 0,
                "def": 85,
                "spa": 85,
                "spd": 85,
                "spe": 85
            },
            "ivs": {
                "hp": 31,
                "atk": 0,
                "def": 31,
                "spa": 31,
                "spd": 31,
                "spe": 31
            },
            "item": "Leftovers",
            "teraType": "Water",
            "role": "Bulky Setup"
        },
        {
            "name": "Gumshoos",
            "species": "Gumshoos",
            "gender": "",
            "shiny": false,
            "level": 95,
            "moves": [
                "knockoff",
                "uturn",
                "doubleedge",
                "earthquake"
            ],
            "ability": "Stakeout",
            "evs": {
                "hp": 85,
                "atk": 85,
                "def": 85,
                "spa": 85,
                "spd": 85,
                "spe": 85
            },
            "ivs": {
                "hp": 31,
                "atk": 31,
                "def": 31,
                "spa": 31,
                "spd": 31,
                "spe": 31
            },
            "item": "Choice Band",
            "teraType": "Ground",
            "role": "Wallbreaker"
        },
        {
            "name": "Hariyama",
            "species": "Hariyama",
            "gender": "",
            "shiny": false,
            "level": 87,
            "moves": [
                "facade",
                "closecombat",
                "knockoff",
                "headlongrush"
            ],
            "ability": "Guts",
            "evs": {
                "hp": 85,
                "atk": 85,
                "def": 85,
                "spa": 85,
                "spd": 85,
                "spe": 85
            },
            "ivs": {
                "hp": 31,
                "atk": 31,
                "def": 31,
                "spa": 31,
                "spd": 31,
                "spe": 31
            },
            "item": "Flame Orb",
            "teraType": "Normal",
            "role": "Wallbreaker"
        },
        {
            "name": "Lugia",
            "species": "Lugia",
            "gender": "N",
            "shiny": false,
            "level": 72,
            "moves": [
                "earthpower",
                "calmmind",
                "aeroblast",
                "recover"
            ],
            "ability": "Multiscale",
            "evs": {
                "hp": 85,
                "atk": 0,
                "def": 85,
                "spa": 85,
                "spd": 85,
                "spe": 85
            },
            "ivs": {
                "hp": 31,
                "atk": 0,
                "def": 31,
                "spa": 31,
                "spd": 31,
                "spe": 31
            },
            "item": "Heavy-Duty Boots",
            "teraType": "Ground",
            "role": "Bulky Setup"
        }
    ],
    "score": [
        0,
        1
    ],
    "inputLog": [
        ">version 40d9c5fb874828a5ac5e80ab411b3f152e2a6b12",
        ">start {\"formatid\":\"gen9randombattle\",\"seed\":[31775,3382,42816,31318],\"rated\":\"Rated battle\"}",
        ">player p1 {\"name\":\"RandomPlayer 18\",\"avatar\":\"265\",\"rating\":1000,\"seed\":[44116,26818,51306,666]}",
        ">player p2 {\"name\":\"RandomPlayer 17\",\"avatar\":\"170\",\"rating\":1080,\"seed\":[50339,18858,48988,44300]}",
        ">p1 switch 2",
        ">p2 switch 3",
        ">p1 move acrobatics",
        ">p2 move calmmind",
        ">p1 move powergem",
        ">p2 move thunderbolt",
        ">p1 switch 3",
        ">p1 move stealthrock terastallize",
        ">p2 move scald",
        ">p1 switch 5",
        ">p2 move scald",
        ">p1 switch 4",
        ">p2 switch 6",
        ">p1 switch 5",
        ">p2 switch 2",
        ">p1 switch 6",
        ">p2 switch 4",
        ">p1 move knockoff",
        ">p2 move earthquake",
        ">p1 switch 6",
        ">p2 move knockoff terastallize",
        ">p1 switch 5",
        ">p2 switch 5",
        ">p1 move closecombat",
        ">p2 switch 5",
        ">p2 switch 2",
        ">p1 switch 5",
        ">p2 move aeroblast",
        ">p1 switch 6",
        ">p2 move recover",
        ">p1 switch 5",
        ">p2 move calmmind",
        ">p1 move defog",
        ">p2 switch 4",
        ">p1 switch 6",
        ">p2 switch 5",
        ">p1 switch 5",
        ">p2 switch 6",
        ">p1 switch 2",
        ">p2 move scald",
        ">p1 switch 5",
        ">p2 move substitute",
        ">p1 switch 5",
        ">p2 switch 5",
        ">p1 move earthquake",
        ">p2 switch 6",
        ">p1 switch 2",
        ">p2 move headlongrush",
        ">p1 switch 4",
        ">p1 switch 2",
        ">p2 move headlongrush",
        ">p1 move closecombat",
        ">p2 switch 6",
        ">p1 switch 5",
        ">p2 move outrage",
        ">p1 switch 2",
        ">p1 move freezedry",
        ">p2 move outrage",
        ">p1 move hydropump",
        ">p2 move outrage",
        ">p2 switch 3",
        ">p1 move freezedry",
        ">p2 switch 6",
        ">p1 move icebeam",
        ">p2 move closecombat",
        ">p2 switch 5",
        ">p1 switch 6",
        ">p2 switch 4",
        ">p1 move uturn",
        ">p2 switch 4",
        ">p1 switch 6",
        ">p1 switch 6",
        ">p2 move substitute",
        ">p1 move closecombat",
        ">p2 switch 6",
        ">p1 move closecombat",
        ">p2 move taunt",
        ">p1 move dualwingbeat",
        ">p2 move gunkshot",
        ">p2 switch 6",
        ">p1 move closecombat",
        ">p2 move calmmind",
        ">p2 switch 4",
        ">p1 switch 5",
        ">p2 move recover",
        ">p1 switch 6",
        ">p2 move aeroblast",
        ">p1 switch 5",
        ">p1 switch 6",
        ">p2 move aeroblast",
        ">p1 switch 6",
        ">p1 move dualwingbeat",
        ">p2 move recover",
        ">p1 move defog",
        ">p2 move calmmind",
        ">p1 move closecombat",
        ">p2 move calmmind",
        ">p1 move dualwingbeat",
        ">p2 move recover",
        ">p1 move defog",
        ">p2 move aeroblast"
    ],
    "log": [
        "|uhtml|medal-msg|<div class=\"broadcast-blue\">Curious what those medals under the avatar are? PS now has Ladder Seasons! For more information, check out the <a href=\"https://www.smogon.com/forums/threads/3740067/\">thread on Smogon.</a></div>",
        "|uhtml|medal-msg|<div class=\"broadcast-blue\">Curious what those medals under the avatar are? PS now has Ladder Seasons! For more information, check out the <a href=\"https://www.smogon.com/forums/threads/3740067/\">thread on Smogon.</a></div>",
        "|j|☆RandomPlayer 18",
        "|j|☆RandomPlayer 17",
        "|t:|1712786726",
        "|gametype|singles",
        "|player|p1|RandomPlayer 18|265|1000",
        "|player|p2|RandomPlayer 17|170|1080",
        "|teamsize|p1|6",
        "|teamsize|p2|6",
        "|gen|9",
        "|tier|[Gen 9] Random Battle",
        "|rated|",
        "|rule|Species Clause: Limit one of each Pokémon",
        "|rule|HP Percentage Mod: HP is shown in percentages",
        "|rule|Sleep Clause Mod: Limit one foe put to sleep",
        "|rule|Illusion Level Mod: Illusion disguises the Pokémon's true level",
        "|",
        "|t:|1712786726",
        "|start",
        "|switch|p1a: Slither Wing|Slither Wing, L81|270/270",
        "|switch|p2a: Skuntank|Skuntank, L84, M|310/310",
        "|turn|1",
        "|",
        "|t:|1712786726",
        "|switch|p2a: Raikou|Raikou, L81|278/278",
        "|-ability|p2a: Raikou|Pressure",
        "|-end|p1a: Slither Wing|Protosynthesis|[silent]",
        "|switch|p1a: Minior|Minior-Green, L79|223/223",
        "|-formechange|p1a: Minior|Minior-Meteor||[from] ability: Shields Down",
        "|",
        "|upkeep",
        "|turn|2",
        "|",
        "|t:|1712786726",
        "|move|p2a: Raikou|Calm Mind|p2a: Raikou",
        "|-boost|p2a: Raikou|spa|1",
        "|-boost|p2a: Raikou|spd|1",
        "|move|p1a: Minior|Acrobatics|p2a: Raikou",
        "|-resisted|p2a: Raikou",
        "|-damage|p2a: Raikou|256/278",
        "|",
        "|-heal|p2a: Raikou|273/278|[from] item: Leftovers",
        "|upkeep",
        "|turn|3",
        "|",
        "|t:|1712786726",
        "|move|p2a: Raikou|Thunderbolt|p1a: Minior",
        "|-supereffective|p1a: Minior",
        "|-damage|p1a: Minior|0 fnt",
        "|faint|p1a: Minior",
        "|",
        "|-heal|p2a: Raikou|278/278|[from] item: Leftovers",
        "|upkeep",
        "|",
        "|t:|1712786726",
        "|switch|p1a: Registeel|Registeel, L82|265/265",
        "|turn|4",
        "|",
        "|t:|1712786726",
        "|-terastallize|p1a: Registeel|Fighting",
        "|move|p2a: Raikou|Scald|p1a: Registeel",
        "|-damage|p1a: Registeel|202/265",
        "|move|p1a: Registeel|Stealth Rock|p2a: Raikou",
        "|-sidestart|p2: RandomPlayer 17|move: Stealth Rock",
        "|",
        "|-heal|p1a: Registeel|218/265|[from] item: Leftovers",
        "|upkeep",
        "|turn|5",
        "|",
        "|t:|1712786726",
        "|switch|p1a: Iron Bundle|Iron Bundle, L77|213/213",
        "|move|p2a: Raikou|Scald|p1a: Iron Bundle",
        "|-resisted|p1a: Iron Bundle",
        "|-damage|p1a: Iron Bundle|150/213",
        "|",
        "|upkeep",
        "|turn|6",
        "|",
        "|t:|1712786726",
        "|-end|p1a: Iron Bundle|Quark Drive|[silent]",
        "|switch|p1a: Scyther|Scyther, L82, M|249/249",
        "|switch|p2a: Lugia|Lugia, L72|272/272",
        "|",
        "|upkeep",
        "|turn|7",
        "|",
        "|t:|1712786726",
        "|switch|p1a: Registeel|Registeel, L82, tera:Fighting|218/265",
        "|switch|p2a: Gouging Fire|Gouging Fire, L74|277/277",
        "|",
        "|-heal|p1a: Registeel|234/265|[from] item: Leftovers",
        "|upkeep",
        "|turn|8",
        "|",
        "|t:|1712786726",
        "|-end|p2a: Gouging Fire|Protosynthesis|[silent]",
        "|switch|p2a: Gumshoos|Gumshoos, L95, M|321/321",
        "|-damage|p2a: Gumshoos|281/321|[from] Stealth Rock",
        "|switch|p1a: Gumshoos|Gumshoos, L95, M|321/321",
        "|",
        "|upkeep",
        "|turn|9",
        "|",
        "|t:|1712786726",
        "|move|p2a: Gumshoos|Earthquake|p1a: Gumshoos",
        "|-damage|p1a: Gumshoos|155/321",
        "|move|p1a: Gumshoos|Knock Off|p2a: Gumshoos",
        "|-damage|p2a: Gumshoos|120/321",
        "|-enditem|p2a: Gumshoos|Choice Band|[from] move: Knock Off|[of] p1a: Gumshoos",
        "|",
        "|upkeep",
        "|turn|10",
        "|",
        "|t:|1712786726",
        "|switch|p1a: Registeel|Registeel, L82, tera:Fighting|234/265",
        "|-terastallize|p2a: Gumshoos|Ground",
        "|move|p2a: Gumshoos|Knock Off|p1a: Registeel",
        "|-resisted|p1a: Registeel",
        "|-damage|p1a: Registeel|171/265",
        "|-enditem|p1a: Registeel|Leftovers|[from] move: Knock Off|[of] p2a: Gumshoos",
        "|",
        "|upkeep",
        "|turn|11",
        "|",
        "|t:|1712786726",
        "|switch|p2a: Hariyama|Hariyama, L87, F|392/392",
        "|-damage|p2a: Hariyama|368/392|[from] Stealth Rock",
        "|switch|p1a: Scyther|Scyther, L82, M|249/249",
        "|",
        "|-status|p2a: Hariyama|brn|[from] item: Flame Orb",
        "|upkeep",
        "|turn|12",
        "|",
        "|t:|1712786726",
        "|switch|p2a: Gumshoos|Gumshoos, L95, M, tera:Ground|120/321",
        "|-damage|p2a: Gumshoos|100/321|[from] Stealth Rock",
        "|move|p1a: Scyther|Close Combat|p2a: Gumshoos",
        "|-damage|p2a: Gumshoos|0 fnt",
        "|-unboost|p1a: Scyther|def|1",
        "|-unboost|p1a: Scyther|spd|1",
        "|faint|p2a: Gumshoos",
        "|",
        "|upkeep",
        "|",
        "|t:|1712786726",
        "|switch|p2a: Lugia|Lugia, L72|272/272",
        "|turn|13",
        "|",
        "|t:|1712786726",
        "|switch|p1a: Registeel|Registeel, L82, tera:Fighting|171/265",
        "|move|p2a: Lugia|Aeroblast|p1a: Registeel",
        "|-supereffective|p1a: Registeel",
        "|-damage|p1a: Registeel|75/265",
        "|",
        "|upkeep",
        "|turn|14",
        "|",
        "|t:|1712786726",
        "|switch|p1a: Gumshoos|Gumshoos, L95, M|155/321",
        "|move|p2a: Lugia|Recover||[still]",
        "|-fail|p2a: Lugia|heal",
        "|",
        "|upkeep",
        "|turn|15",
        "|",
        "|t:|1712786726",
        "|switch|p1a: Scyther|Scyther, L82, M|249/249",
        "|move|p2a: Lugia|Calm Mind|p2a: Lugia",
        "|-boost|p2a: Lugia|spa|1",
        "|-boost|p2a: Lugia|spd|1",
        "|",
        "|upkeep",
        "|turn|16",
        "|",
        "|t:|1712786726",
        "|switch|p2a: Gouging Fire|Gouging Fire, L74|277/277",
        "|move|p1a: Scyther|Defog|p2a: Gouging Fire",
        "|-unboost|p2a: Gouging Fire|evasion|1",
        "|-sideend|p2: RandomPlayer 17|Stealth Rock|[from] move: Defog|[of] p1a: Scyther",
        "|",
        "|upkeep",
        "|turn|17",
        "|",
        "|t:|1712786726",
        "|switch|p1a: Registeel|Registeel, L82, tera:Fighting|75/265",
        "|-end|p2a: Gouging Fire|Protosynthesis|[silent]",
        "|switch|p2a: Hariyama|Hariyama, L87, F|368/392 brn",
        "|",
        "|-damage|p2a: Hariyama|344/392 brn|[from] brn",
        "|upkeep",
        "|turn|18",
        "|",
        "|t:|1712786726",
        "|switch|p2a: Raikou|Raikou, L81|278/278",
        "|-ability|p2a: Raikou|Pressure",
        "|switch|p1a: Gumshoos|Gumshoos, L95, M|155/321",
        "|",
        "|upkeep",
        "|turn|19",
        "|",
        "|t:|1712786726",
        "|switch|p1a: Slither Wing|Slither Wing, L81|270/270",
        "|move|p2a: Raikou|Scald|p1a: Slither Wing",
        "|-damage|p1a: Slither Wing|215/270",
        "|-status|p1a: Slither Wing|brn",
        "|",
        "|-damage|p1a: Slither Wing|199/270 brn|[from] brn",
        "|upkeep",
        "|turn|20",
        "|",
        "|t:|1712786726",
        "|-end|p1a: Slither Wing|Protosynthesis|[silent]",
        "|switch|p1a: Registeel|Registeel, L82, tera:Fighting|75/265",
        "|move|p2a: Raikou|Substitute|p2a: Raikou",
        "|-start|p2a: Raikou|Substitute",
        "|-damage|p2a: Raikou|209/278",
        "|",
        "|-heal|p2a: Raikou|226/278|[from] item: Leftovers",
        "|upkeep",
        "|turn|21",
        "|",
        "|t:|1712786726",
        "|switch|p2a: Gouging Fire|Gouging Fire, L74|277/277",
        "|switch|p1a: Slither Wing|Slither Wing, L81|199/270 brn",
        "|",
        "|-damage|p1a: Slither Wing|183/270 brn|[from] brn",
        "|upkeep",
        "|turn|22",
        "|",
        "|t:|1712786726",
        "|-end|p2a: Gouging Fire|Protosynthesis|[silent]",
        "|switch|p2a: Hariyama|Hariyama, L87, F|344/392 brn",
        "|move|p1a: Slither Wing|Earthquake|p2a: Hariyama",
        "|-damage|p2a: Hariyama|257/392 brn",
        "|",
        "|-damage|p1a: Slither Wing|167/270 brn|[from] brn",
        "|-damage|p2a: Hariyama|233/392 brn|[from] brn",
        "|upkeep",
        "|turn|23",
        "|",
        "|t:|1712786726",
        "|-end|p1a: Slither Wing|Protosynthesis|[silent]",
        "|switch|p1a: Gumshoos|Gumshoos, L95, M|155/321",
        "|move|p2a: Hariyama|Headlong Rush|p1a: Gumshoos",
        "|-damage|p1a: Gumshoos|0 fnt",
        "|-unboost|p2a: Hariyama|def|1",
        "|-unboost|p2a: Hariyama|spd|1",
        "|faint|p1a: Gumshoos",
        "|",
        "|-damage|p2a: Hariyama|209/392 brn|[from] brn",
        "|upkeep",
        "|",
        "|t:|1712786726",
        "|switch|p1a: Iron Bundle|Iron Bundle, L77|150/213",
        "|turn|24",
        "|",
        "|t:|1712786726",
        "|-end|p1a: Iron Bundle|Quark Drive|[silent]",
        "|switch|p1a: Slither Wing|Slither Wing, L81|167/270 brn",
        "|move|p2a: Hariyama|Headlong Rush|p1a: Slither Wing",
        "|-resisted|p1a: Slither Wing",
        "|-damage|p1a: Slither Wing|76/270 brn",
        "|-unboost|p2a: Hariyama|def|1",
        "|-unboost|p2a: Hariyama|spd|1",
        "|",
        "|-damage|p1a: Slither Wing|60/270 brn|[from] brn",
        "|-damage|p2a: Hariyama|185/392 brn|[from] brn",
        "|upkeep",
        "|turn|25",
        "|",
        "|t:|1712786726",
        "|switch|p2a: Gouging Fire|Gouging Fire, L74|277/277",
        "|move|p1a: Slither Wing|Close Combat|p2a: Gouging Fire",
        "|-damage|p2a: Gouging Fire|169/277",
        "|-unboost|p1a: Slither Wing|def|1",
        "|-unboost|p1a: Slither Wing|spd|1",
        "|",
        "|-damage|p1a: Slither Wing|44/270 brn|[from] brn",
        "|upkeep",
        "|turn|26",
        "|",
        "|t:|1712786726",
        "|-end|p1a: Slither Wing|Protosynthesis|[silent]",
        "|switch|p1a: Registeel|Registeel, L82, tera:Fighting|75/265",
        "|move|p2a: Gouging Fire|Outrage|p1a: Registeel",
        "|-damage|p1a: Registeel|0 fnt",
        "|faint|p1a: Registeel",
        "|",
        "|upkeep",
        "|",
        "|t:|1712786726",
        "|switch|p1a: Iron Bundle|Iron Bundle, L77|150/213",
        "|turn|27",
        "|",
        "|t:|1712786726",
        "|move|p1a: Iron Bundle|Freeze-Dry|p2a: Gouging Fire",
        "|-damage|p2a: Gouging Fire|81/277",
        "|move|p2a: Gouging Fire|Outrage|p1a: Iron Bundle|[from]lockedmove",
        "|-damage|p1a: Iron Bundle|42/213",
        "|",
        "|upkeep",
        "|turn|28",
        "|",
        "|t:|1712786726",
        "|move|p1a: Iron Bundle|Hydro Pump|p2a: Gouging Fire",
        "|-damage|p2a: Gouging Fire|0 fnt",
        "|faint|p2a: Gouging Fire",
        "|-end|p2a: Gouging Fire|Protosynthesis|[silent]",
        "|",
        "|upkeep",
        "|",
        "|t:|1712786726",
        "|switch|p2a: Skuntank|Skuntank, L84, M|310/310",
        "|turn|29",
        "|",
        "|t:|1712786726",
        "|switch|p2a: Hariyama|Hariyama, L87, F|185/392 brn",
        "|move|p1a: Iron Bundle|Freeze-Dry|p2a: Hariyama",
        "|-damage|p2a: Hariyama|88/392 brn",
        "|",
        "|-damage|p2a: Hariyama|64/392 brn|[from] brn",
        "|upkeep",
        "|turn|30",
        "|",
        "|t:|1712786726",
        "|move|p1a: Iron Bundle|Ice Beam|p2a: Hariyama",
        "|-damage|p2a: Hariyama|0 fnt",
        "|faint|p2a: Hariyama",
        "|",
        "|upkeep",
        "|",
        "|t:|1712786726",
        "|switch|p2a: Raikou|Raikou, L81|226/278",
        "|-ability|p2a: Raikou|Pressure",
        "|turn|31",
        "|",
        "|t:|1712786726",
        "|-end|p1a: Iron Bundle|Quark Drive|[silent]",
        "|switch|p1a: Scyther|Scyther, L82, M|249/249",
        "|switch|p2a: Lugia|Lugia, L72|272/272",
        "|",
        "|upkeep",
        "|turn|32",
        "|",
        "|t:|1712786726",
        "|switch|p2a: Raikou|Raikou, L81|226/278",
        "|-ability|p2a: Raikou|Pressure",
        "|move|p1a: Scyther|U-turn|p2a: Raikou",
        "|-damage|p2a: Raikou|133/278",
        "|",
        "|t:|1712786726",
        "|switch|p1a: Iron Bundle|Iron Bundle, L77|42/213|[from] U-turn",
        "|",
        "|-heal|p2a: Raikou|150/278|[from] item: Leftovers",
        "|upkeep",
        "|turn|33",
        "|",
        "|t:|1712786726",
        "|-end|p1a: Iron Bundle|Quark Drive|[silent]",
        "|switch|p1a: Scyther|Scyther, L82, M|249/249",
        "|move|p2a: Raikou|Substitute|p2a: Raikou",
        "|-start|p2a: Raikou|Substitute",
        "|-damage|p2a: Raikou|81/278",
        "|",
        "|-heal|p2a: Raikou|98/278|[from] item: Leftovers",
        "|upkeep",
        "|turn|34",
        "|",
        "|t:|1712786726",
        "|switch|p2a: Skuntank|Skuntank, L84, M|310/310",
        "|move|p1a: Scyther|Close Combat|p2a: Skuntank",
        "|-damage|p2a: Skuntank|208/310",
        "|-unboost|p1a: Scyther|def|1",
        "|-unboost|p1a: Scyther|spd|1",
        "|",
        "|upkeep",
        "|turn|35",
        "|",
        "|t:|1712786726",
        "|move|p1a: Scyther|Close Combat|p2a: Skuntank",
        "|-damage|p2a: Skuntank|102/310",
        "|-unboost|p1a: Scyther|def|1",
        "|-unboost|p1a: Scyther|spd|1",
        "|move|p2a: Skuntank|Taunt|p1a: Scyther",
        "|-start|p1a: Scyther|move: Taunt",
        "|",
        "|upkeep",
        "|turn|36",
        "|",
        "|t:|1712786726",
        "|move|p1a: Scyther|Dual Wingbeat|p2a: Skuntank",
        "|-damage|p2a: Skuntank|20/310",
        "|-damage|p2a: Skuntank|0 fnt",
        "|-damage|p1a: Scyther|187/249|[from] ability: Aftermath|[of] p2a: Skuntank",
        "|faint|p2a: Skuntank",
        "|-hitcount|p2: Skuntank|2",
        "|",
        "|upkeep",
        "|",
        "|t:|1712786726",
        "|switch|p2a: Raikou|Raikou, L81|98/278",
        "|-ability|p2a: Raikou|Pressure",
        "|turn|37",
        "|",
        "|t:|1712786726",
        "|move|p2a: Raikou|Calm Mind|p2a: Raikou",
        "|-boost|p2a: Raikou|spa|1",
        "|-boost|p2a: Raikou|spd|1",
        "|move|p1a: Scyther|Close Combat|p2a: Raikou",
        "|-damage|p2a: Raikou|0 fnt",
        "|-unboost|p1a: Scyther|def|1",
        "|-unboost|p1a: Scyther|spd|1",
        "|faint|p2a: Raikou",
        "|",
        "|upkeep",
        "|",
        "|t:|1712786726",
        "|switch|p2a: Lugia|Lugia, L72|272/272",
        "|turn|38",
        "|",
        "|t:|1712786726",
        "|switch|p1a: Slither Wing|Slither Wing, L81|44/270 brn",
        "|move|p2a: Lugia|Recover||[still]",
        "|-fail|p2a: Lugia|heal",
        "|",
        "|-damage|p1a: Slither Wing|28/270 brn|[from] brn",
        "|upkeep",
        "|turn|39",
        "|",
        "|t:|1712786726",
        "|-end|p1a: Slither Wing|Protosynthesis|[silent]",
        "|switch|p1a: Iron Bundle|Iron Bundle, L77|42/213",
        "|move|p2a: Lugia|Aeroblast|p1a: Iron Bundle",
        "|-damage|p1a: Iron Bundle|0 fnt",
        "|faint|p1a: Iron Bundle",
        "|-end|p1a: Iron Bundle|Quark Drive|[silent]",
        "|",
        "|upkeep",
        "|",
        "|t:|1712786726",
        "|switch|p1a: Scyther|Scyther, L82, M|187/249",
        "|turn|40",
        "|",
        "|t:|1712786726",
        "|switch|p1a: Slither Wing|Slither Wing, L81|28/270 brn",
        "|move|p2a: Lugia|Aeroblast|p1a: Slither Wing",
        "|-supereffective|p1a: Slither Wing",
        "|-damage|p1a: Slither Wing|0 fnt",
        "|faint|p1a: Slither Wing",
        "|-end|p1a: Slither Wing|Protosynthesis|[silent]",
        "|",
        "|upkeep",
        "|",
        "|t:|1712786726",
        "|switch|p1a: Scyther|Scyther, L82, M|187/249",
        "|turn|41",
        "|",
        "|t:|1712786726",
        "|move|p1a: Scyther|Dual Wingbeat|p2a: Lugia",
        "|-damage|p2a: Lugia|243/272",
        "|-damage|p2a: Lugia|188/272",
        "|-hitcount|p2a: Lugia|2",
        "|move|p2a: Lugia|Recover|p2a: Lugia",
        "|-heal|p2a: Lugia|272/272",
        "|",
        "|upkeep",
        "|turn|42",
        "|",
        "|t:|1712786726",
        "|move|p1a: Scyther|Defog|p2a: Lugia",
        "|-unboost|p2a: Lugia|evasion|1",
        "|move|p2a: Lugia|Calm Mind|p2a: Lugia",
        "|-boost|p2a: Lugia|spa|1",
        "|-boost|p2a: Lugia|spd|1",
        "|",
        "|upkeep",
        "|turn|43",
        "|",
        "|t:|1712786726",
        "|move|p1a: Scyther|Close Combat|p2a: Lugia",
        "|-resisted|p2a: Lugia",
        "|-damage|p2a: Lugia|262/272",
        "|-unboost|p1a: Scyther|def|1",
        "|-unboost|p1a: Scyther|spd|1",
        "|move|p2a: Lugia|Calm Mind|p2a: Lugia",
        "|-boost|p2a: Lugia|spa|1",
        "|-boost|p2a: Lugia|spd|1",
        "|",
        "|upkeep",
        "|turn|44",
        "|",
        "|t:|1712786726",
        "|move|p1a: Scyther|Dual Wingbeat|p2a: Lugia",
        "|-damage|p2a: Lugia|208/272",
        "|-damage|p2a: Lugia|151/272",
        "|-hitcount|p2a: Lugia|2",
        "|move|p2a: Lugia|Recover|p2a: Lugia",
        "|-heal|p2a: Lugia|272/272",
        "|",
        "|upkeep",
        "|turn|45",
        "|",
        "|t:|1712786726",
        "|move|p1a: Scyther|Defog|p2a: Lugia",
        "|-unboost|p2a: Lugia|evasion|1",
        "|move|p2a: Lugia|Aeroblast|p1a: Scyther",
        "|-supereffective|p1a: Scyther",
        "|-damage|p1a: Scyther|0 fnt",
        "|faint|p1a: Scyther",
        "|",
        "|win|RandomPlayer 17",
        "|raw|RandomPlayer 18's rating: 1000 &rarr; <strong>1000</strong><br />(+0 for losing)",
        "|raw|RandomPlayer 17's rating: 1080 &rarr; <strong>1109</strong><br />(+29 for winning)",
        ""
    ],
    "p1rating": 1000,
    "p2rating": 1108.860871525303,
    "endType": "normal",
    "timestamp": "Wed Apr 10 2024 15:05:26 GMT-0700 (Pacific Daylight Time)",
    "roomid": "battle-gen9randombattle-1209",
    "format": "gen9randombattle"
}
