{
    "winner": "RandomPlayer 17",
    "seed": [
        10061,
        24741,
        61799,
        39002
    ],
    "turns": 26,
    "p1": "RandomPlayer 18",
    "p2": "RandomPlayer 17",
    "p1team": [
        {
            "name": "Hydreigon",
            "species": "Hydreigon",
            "gender": "",
            "shiny": false,
            "level": 79,
            "moves": [
                "fireblast",
                "darkpulse",
                "dracometeor",
                "flashcannon"
            ],
            "ability": "Levitate",
            "evs": {
                "hp": 85,
                "atk": 0,
                "def": 85,
                "spa": 85,
                "spd": 85,
                "spe": 85
            },
            "ivs": {
                "hp": 31,
                "atk": 0,
                "def": 31,
                "spa": 31,
                "spd": 31,
                "spe": 31
            },
            "item": "Choice Specs",
            "teraType": "Steel",
            "role": "Fast Attacker"
        },
        {
            "name": "Bruxish",
            "species": "Bruxish",
            "gender": "",
            "shiny": false,
            "level": 85,
            "moves": [
                "psychicfangs",
                "swordsdance",
                "wavecrash",
                "crunch"
            ],
            "ability": "Strong Jaw",
            "evs": {
                "hp": 85,
                "atk": 85,
                "def": 85,
                "spa": 85,
                "spd": 85,
                "spe": 85
            },
            "ivs": {
                "hp": 31,
                "atk": 31,
                "def": 31,
                "spa": 31,
                "spd": 31,
                "spe": 31
            },
            "item": "Life Orb",
            "teraType": "Psychic",
            "role": "Fast Attacker"
        },
        {
            "name": "Victreebel",
            "species": "Victreebel",
            "gender": "",
            "shiny": false,
            "level": 90,
            "moves": [
                "powerwhip",
                "sludgewave",
                "sunnyday",
                "weatherball"
            ],
            "ability": "Chlorophyll",
            "evs": {
                "hp": 85,
                "atk": 85,
                "def": 85,
                "spa": 85,
                "spd": 85,
                "spe": 85
            },
            "ivs": {
                "hp": 31,
                "atk": 31,
                "def": 31,
                "spa": 31,
                "spd": 31,
                "spe": 31
            },
            "item": "Life Orb",
            "teraType": "Fire",
            "role": "Fast Attacker"
        },
        {
            "name": "Electivire",
            "species": "Electivire",
            "gender": "",
            "shiny": false,
            "level": 85,
            "moves": [
                "bulkup",
                "earthquake",
                "icepunch",
                "supercellslam"
            ],
            "ability": "Motor Drive",
            "evs": {
                "hp": 85,
                "atk": 85,
                "def": 85,
                "spa": 85,
                "spd": 85,
                "spe": 85
            },
            "ivs": {
                "hp": 31,
                "atk": 31,
                "def": 31,
                "spa": 31,
                "spd": 31,
                "spe": 31
            },
            "item": "Life Orb",
            "teraType": "Ground",
            "role": "Setup Sweeper"
        },
        {
            "name": "Mamoswine",
            "species": "Mamoswine",
            "gender": "",
            "shiny": false,
            "level": 81,
            "moves": [
                "stealthrock",
                "iciclecrash",
                "earthquake",
                "iceshard"
            ],
            "ability": "Thick Fat",
            "evs": {
                "hp": 85,
                "atk": 85,
                "def": 85,
                "spa": 85,
                "spd": 85,
                "spe": 85
            },
            "ivs": {
                "hp": 31,
                "atk": 31,
                "def": 31,
                "spa": 31,
                "spd": 31,
                "spe": 31
            },
            "item": "Life Orb",
            "teraType": "Ground",
            "role": "Wallbreaker"
        },
        {
            "name": "Charizard",
            "species": "Charizard",
            "gender": "",
            "shiny": false,
            "level": 85,
            "moves": [
                "outrage",
                "earthquake",
                "swordsdance",
                "flareblitz"
            ],
            "ability": "Blaze",
            "evs": {
                "hp": 85,
                "atk": 85,
                "def": 85,
                "spa": 85,
                "spd": 85,
                "spe": 85
            },
            "ivs": {
                "hp": 31,
                "atk": 31,
                "def": 31,
                "spa": 31,
                "spd": 31,
                "spe": 31
            },
            "item": "Heavy-Duty Boots",
            "teraType": "Dragon",
            "role": "Setup Sweeper"
        }
    ],
    "p2team": [
        {
            "name": "Annihilape",
            "species": "Annihilape",
            "gender": "",
            "shiny": false,
            "level": 76,
            "moves": [
                "ragefist",
                "drainpunch",
                "bulkup",
                "stoneedge"
            ],
            "ability": "Defiant",
            "evs": {
                "hp": 85,
                "atk": 85,
                "def": 85,
                "spa": 85,
                "spd": 85,
                "spe": 85
            },
            "ivs": {
                "hp": 31,
                "atk": 31,
                "def": 31,
                "spa": 31,
                "spd": 31,
                "spe": 31
            },
            "item": "Leftovers",
            "teraType": "Water",
            "role": "Bulky Setup"
        },
        {
            "name": "Furret",
            "species": "Furret",
            "gender": "",
            "shiny": false,
            "level": 93,
            "moves": [
                "knockoff",
                "tidyup",
                "brickbreak",
                "doubleedge"
            ],
            "ability": "Frisk",
            "evs": {
                "hp": 85,
                "atk": 85,
                "def": 85,
                "spa": 85,
                "spd": 85,
                "spe": 85
            },
            "ivs": {
                "hp": 31,
                "atk": 31,
                "def": 31,
                "spa": 31,
                "spd": 31,
                "spe": 31
            },
            "item": "Life Orb",
            "teraType": "Normal",
            "role": "Setup Sweeper"
        },
        {
            "name": "Farigiraf",
            "species": "Farigiraf",
            "gender": "",
            "shiny": false,
            "level": 92,
            "moves": [
                "bodyslam",
                "psychicnoise",
                "protect",
                "wish"
            ],
            "ability": "Sap Sipper",
            "evs": {
                "hp": 85,
                "atk": 85,
                "def": 85,
                "spa": 85,
                "spd": 85,
                "spe": 85
            },
            "ivs": {
                "hp": 31,
                "atk": 31,
                "def": 31,
                "spa": 31,
                "spd": 31,
                "spe": 31
            },
            "item": "Leftovers",
            "teraType": "Ground",
            "role": "Bulky Support"
        },
        {
            "name": "Weavile",
            "species": "Weavile",
            "gender": "",
            "shiny": false,
            "level": 79,
            "moves": [
                "knockoff",
                "tripleaxel",
                "iceshard",
                "swordsdance"
            ],
            "ability": "Pickpocket",
            "evs": {
                "hp": 85,
                "atk": 85,
                "def": 85,
                "spa": 85,
                "spd": 85,
                "spe": 85
            },
            "ivs": {
                "hp": 31,
                "atk": 31,
                "def": 31,
                "spa": 31,
                "spd": 31,
                "spe": 31
            },
            "item": "Heavy-Duty Boots",
            "teraType": "Dark",
            "role": "Fast Attacker"
        },
        {
            "name": "Minior",
            "species": "Minior-Yellow",
            "gender": "N",
            "shiny": false,
            "level": 79,
            "moves": [
                "shellsmash",
                "powergem",
                "earthquake",
                "acrobatics"
            ],
            "ability": "Shields Down",
            "evs": {
                "hp": 77,
                "atk": 85,
                "def": 85,
                "spa": 85,
                "spd": 85,
                "spe": 85
            },
            "ivs": {
                "hp": 31,
                "atk": 31,
                "def": 31,
                "spa": 31,
                "spd": 31,
                "spe": 31
            },
            "item": "White Herb",
            "teraType": "Flying",
            "role": "Setup Sweeper"
        },
        {
            "name": "Crabominable",
            "species": "Crabominable",
            "gender": "",
            "shiny": false,
            "level": 90,
            "moves": [
                "icehammer",
                "closecombat",
                "knockoff",
                "earthquake"
            ],
            "ability": "Iron Fist",
            "evs": {
                "hp": 85,
                "atk": 85,
                "def": 85,
                "spa": 85,
                "spd": 85,
                "spe": 85
            },
            "ivs": {
                "hp": 31,
                "atk": 31,
                "def": 31,
                "spa": 31,
                "spd": 31,
                "spe": 31
            },
            "item": "Choice Band",
            "teraType": "Ground",
            "role": "Wallbreaker"
        }
    ],
    "score": [
        0,
        1
    ],
    "inputLog": [
        ">version 40d9c5fb874828a5ac5e80ab411b3f152e2a6b12",
        ">start {\"formatid\":\"gen9randombattle\",\"seed\":[10061,24741,61799,39002],\"rated\":\"Rated battle\"}",
        ">player p1 {\"name\":\"RandomPlayer 18\",\"avatar\":\"101\",\"rating\":1000,\"seed\":[40836,63356,48037,20645]}",
        ">player p2 {\"name\":\"RandomPlayer 17\",\"avatar\":\"265\",\"rating\":1045,\"seed\":[42194,11022,11421,4975]}",
        ">p1 switch 4",
        ">p2 move drainpunch",
        ">p1 move earthquake",
        ">p2 move ragefist terastallize",
        ">p1 switch 2",
        ">p2 move ragefist",
        ">p1 move psychicfangs",
        ">p2 switch 6",
        ">p1 switch 4",
        ">p2 switch 4",
        ">p1 switch 5",
        ">p2 move tripleaxel",
        ">p1 move iceshard",
        ">p2 switch 6",
        ">p1 move iciclecrash terastallize",
        ">p2 move drainpunch",
        ">p1 move earthquake",
        ">p2 move bulkup",
        ">p2 switch 5",
        ">p1 move stealthrock",
        ">p2 move powergem",
        ">p1 move earthquake",
        ">p2 switch 6",
        ">p1 switch 6",
        ">p2 switch 3",
        ">p1 switch 3",
        ">p2 move protect",
        ">p1 switch 5",
        ">p2 switch 2",
        ">p1 move fireblast",
        ">p2 move doubleedge",
        ">p1 switch 3",
        ">p2 switch 2",
        ">p1 move flareblitz",
        ">p2 switch 6",
        ">p1 move swordsdance",
        ">p2 move earthquake",
        ">p1 move swordsdance",
        ">p2 move powergem",
        ">p1 switch 3",
        ">p1 move flashcannon",
        ">p2 switch 6",
        ">p1 switch 2",
        ">p2 move psychicnoise",
        ">p1 switch 5",
        ">p1 move powerwhip",
        ">p2 switch 2",
        ">p2 switch 2",
        ">p1 move weatherball",
        ">p2 switch 6",
        ">p1 move weatherball",
        ">p2 switch 6",
        ">p1 move sunnyday",
        ">p2 move bodyslam",
        ">p1 move sunnyday",
        ">p2 switch 6",
        ">p2 switch 6",
        ">p1 move sunnyday",
        ">p2 move bodyslam",
        ">p1 switch 2",
        ">p1 move fireblast",
        ">p2 move bodyslam"
    ],
    "log": [
        "|uhtml|medal-msg|<div class=\"broadcast-blue\">Curious what those medals under the avatar are? PS now has Ladder Seasons! For more information, check out the <a href=\"https://www.smogon.com/forums/threads/3740067/\">thread on Smogon.</a></div>",
        "|uhtml|medal-msg|<div class=\"broadcast-blue\">Curious what those medals under the avatar are? PS now has Ladder Seasons! For more information, check out the <a href=\"https://www.smogon.com/forums/threads/3740067/\">thread on Smogon.</a></div>",
        "|j|☆RandomPlayer 18",
        "|j|☆RandomPlayer 17",
        "|t:|1712781565",
        "|gametype|singles",
        "|player|p1|RandomPlayer 18|101|1000",
        "|player|p2|RandomPlayer 17|265|1045",
        "|teamsize|p1|6",
        "|teamsize|p2|6",
        "|gen|9",
        "|tier|[Gen 9] Random Battle",
        "|rated|",
        "|rule|Species Clause: Limit one of each Pokémon",
        "|rule|HP Percentage Mod: HP is shown in percentages",
        "|rule|Sleep Clause Mod: Limit one foe put to sleep",
        "|rule|Illusion Level Mod: Illusion disguises the Pokémon's true level",
        "|",
        "|t:|1712781565",
        "|start",
        "|switch|p1a: Hydreigon|Hydreigon, L79, M|275/275",
        "|switch|p2a: Annihilape|Annihilape, L76, F|292/292",
        "|turn|1",
        "|",
        "|t:|1712781565",
        "|switch|p1a: Electivire|Electivire, L85, F|266/266",
        "|move|p2a: Annihilape|Drain Punch|p1a: Electivire",
        "|-damage|p1a: Electivire|181/266",
        "|",
        "|upkeep",
        "|turn|2",
        "|",
        "|t:|1712781565",
        "|-terastallize|p2a: Annihilape|Water",
        "|move|p1a: Electivire|Earthquake|p2a: Annihilape",
        "|-damage|p2a: Annihilape|150/292",
        "|-damage|p1a: Electivire|155/266|[from] item: Life Orb",
        "|move|p2a: Annihilape|Rage Fist|p1a: Electivire",
        "|-damage|p1a: Electivire|35/266",
        "|",
        "|-heal|p2a: Annihilape|168/292|[from] item: Leftovers",
        "|upkeep",
        "|turn|3",
        "|",
        "|t:|1712781565",
        "|switch|p1a: Bruxish|Bruxish, L85, M|254/254",
        "|move|p2a: Annihilape|Rage Fist|p1a: Bruxish",
        "|-supereffective|p1a: Bruxish",
        "|-damage|p1a: Bruxish|2/254",
        "|",
        "|-heal|p2a: Annihilape|186/292|[from] item: Leftovers",
        "|upkeep",
        "|turn|4",
        "|",
        "|t:|1712781565",
        "|switch|p2a: Crabominable|Crabominable, L90, M|321/321",
        "|move|p1a: Bruxish|Psychic Fangs|p2a: Crabominable",
        "|-supereffective|p2a: Crabominable",
        "|-damage|p2a: Crabominable|0 fnt",
        "|faint|p2a: Crabominable",
        "|-damage|p1a: Bruxish|0 fnt|[from] item: Life Orb",
        "|faint|p1a: Bruxish",
        "|",
        "|upkeep",
        "|",
        "|t:|1712781565",
        "|switch|p1a: Hydreigon|Hydreigon, L79, M|275/275",
        "|switch|p2a: Weavile|Weavile, L79, M|240/240",
        "|turn|5",
        "|",
        "|t:|1712781565",
        "|switch|p1a: Mamoswine|Mamoswine, L81, M|311/311",
        "|move|p2a: Weavile|Triple Axel|p1a: Mamoswine",
        "|-damage|p1a: Mamoswine|298/311",
        "|-damage|p1a: Mamoswine|271/311",
        "|-damage|p1a: Mamoswine|234/311",
        "|-hitcount|p1a: Mamoswine|3",
        "|",
        "|upkeep",
        "|turn|6",
        "|",
        "|t:|1712781565",
        "|switch|p2a: Annihilape|Annihilape, L76, F, tera:Water|186/292",
        "|move|p1a: Mamoswine|Ice Shard|p2a: Annihilape",
        "|-resisted|p2a: Annihilape",
        "|-damage|p2a: Annihilape|147/292",
        "|-damage|p1a: Mamoswine|203/311|[from] item: Life Orb",
        "|",
        "|-heal|p2a: Annihilape|165/292|[from] item: Leftovers",
        "|upkeep",
        "|turn|7",
        "|",
        "|t:|1712781565",
        "|-terastallize|p1a: Mamoswine|Ground",
        "|move|p2a: Annihilape|Drain Punch|p1a: Mamoswine",
        "|-damage|p1a: Mamoswine|127/311",
        "|-heal|p2a: Annihilape|203/292|[from] drain|[of] p1a: Mamoswine",
        "|move|p1a: Mamoswine|Icicle Crash|p2a: Annihilape",
        "|-resisted|p2a: Annihilape",
        "|-damage|p2a: Annihilape|128/292",
        "|-damage|p1a: Mamoswine|96/311|[from] item: Life Orb",
        "|",
        "|-heal|p2a: Annihilape|146/292|[from] item: Leftovers",
        "|upkeep",
        "|turn|8",
        "|",
        "|t:|1712781565",
        "|move|p2a: Annihilape|Bulk Up|p2a: Annihilape",
        "|-boost|p2a: Annihilape|atk|1",
        "|-boost|p2a: Annihilape|def|1",
        "|move|p1a: Mamoswine|Earthquake|p2a: Annihilape",
        "|-damage|p2a: Annihilape|0 fnt",
        "|faint|p2a: Annihilape",
        "|-damage|p1a: Mamoswine|65/311|[from] item: Life Orb",
        "|",
        "|upkeep",
        "|",
        "|t:|1712781565",
        "|switch|p2a: Minior|Minior-Yellow, L79|223/223",
        "|-formechange|p2a: Minior|Minior-Meteor||[from] ability: Shields Down",
        "|turn|9",
        "|",
        "|t:|1712781565",
        "|move|p1a: Mamoswine|Stealth Rock|p2a: Minior",
        "|-sidestart|p2: RandomPlayer 17|move: Stealth Rock",
        "|move|p2a: Minior|Power Gem|p1a: Mamoswine",
        "|-resisted|p1a: Mamoswine",
        "|-damage|p1a: Mamoswine|31/311",
        "|",
        "|upkeep",
        "|turn|10",
        "|",
        "|t:|1712781565",
        "|switch|p2a: Weavile|Weavile, L79, M|240/240",
        "|move|p1a: Mamoswine|Earthquake|p2a: Weavile",
        "|-damage|p2a: Weavile|0 fnt",
        "|faint|p2a: Weavile",
        "|-damage|p1a: Mamoswine|0 fnt|[from] item: Life Orb",
        "|faint|p1a: Mamoswine",
        "|",
        "|upkeep",
        "|",
        "|t:|1712781565",
        "|switch|p2a: Farigiraf|Farigiraf, L92, M|370/370",
        "|switch|p1a: Charizard|Charizard, L85, F|271/271",
        "|-damage|p2a: Farigiraf|324/370|[from] Stealth Rock",
        "|turn|11",
        "|",
        "|t:|1712781565",
        "|switch|p1a: Victreebel|Victreebel, L90, M|290/290",
        "|move|p2a: Farigiraf|Protect||[still]",
        "|-fail|p2a: Farigiraf",
        "|",
        "|-heal|p2a: Farigiraf|347/370|[from] item: Leftovers",
        "|upkeep",
        "|turn|12",
        "|",
        "|t:|1712781565",
        "|switch|p1a: Hydreigon|Hydreigon, L79, M|275/275",
        "|switch|p2a: Furret|Furret, L93, M|309/309",
        "|-damage|p2a: Furret|271/309|[from] Stealth Rock",
        "|-item|p1a: Hydreigon|Choice Specs|[from] ability: Frisk|[of] p2a: Furret|[identify]",
        "|",
        "|upkeep",
        "|turn|13",
        "|",
        "|t:|1712781565",
        "|move|p2a: Furret|Double-Edge|p1a: Hydreigon",
        "|-damage|p1a: Hydreigon|88/275",
        "|-damage|p2a: Furret|209/309|[from] Recoil",
        "|-damage|p2a: Furret|179/309|[from] item: Life Orb",
        "|move|p1a: Hydreigon|Fire Blast|p2a: Furret",
        "|-damage|p2a: Furret|9/309",
        "|",
        "|upkeep",
        "|turn|14",
        "|",
        "|t:|1712781565",
        "|switch|p2a: Farigiraf|Farigiraf, L92, M|347/370",
        "|-damage|p2a: Farigiraf|301/370|[from] Stealth Rock",
        "|switch|p1a: Charizard|Charizard, L85, F|271/271",
        "|",
        "|-heal|p2a: Farigiraf|324/370|[from] item: Leftovers",
        "|upkeep",
        "|turn|15",
        "|",
        "|t:|1712781565",
        "|switch|p2a: Minior|Minior-Yellow, L79|223/223",
        "|-damage|p2a: Minior|168/223|[from] Stealth Rock",
        "|-formechange|p2a: Minior|Minior-Meteor||[from] ability: Shields Down",
        "|move|p1a: Charizard|Flare Blitz|p2a: Minior",
        "|-resisted|p2a: Minior",
        "|-damage|p2a: Minior|111/223",
        "|-damage|p1a: Charizard|252/271|[from] Recoil",
        "|",
        "|-formechange|p2a: Minior|Minior-Yellow||[from] ability: Shields Down",
        "|upkeep",
        "|turn|16",
        "|",
        "|t:|1712781565",
        "|move|p2a: Minior|Earthquake|p1a: Charizard",
        "|-immune|p1a: Charizard",
        "|move|p1a: Charizard|Swords Dance|p1a: Charizard",
        "|-boost|p1a: Charizard|atk|2",
        "|",
        "|upkeep",
        "|turn|17",
        "|",
        "|t:|1712781565",
        "|move|p2a: Minior|Power Gem|p1a: Charizard",
        "|-supereffective|p1a: Charizard",
        "|-damage|p1a: Charizard|0 fnt",
        "|faint|p1a: Charizard",
        "|",
        "|upkeep",
        "|",
        "|t:|1712781565",
        "|switch|p1a: Hydreigon|Hydreigon, L79, M|88/275",
        "|turn|18",
        "|",
        "|t:|1712781565",
        "|switch|p2a: Farigiraf|Farigiraf, L92, M|324/370",
        "|-damage|p2a: Farigiraf|278/370|[from] Stealth Rock",
        "|move|p1a: Hydreigon|Flash Cannon|p2a: Farigiraf",
        "|-damage|p2a: Farigiraf|176/370",
        "|",
        "|-heal|p2a: Farigiraf|199/370|[from] item: Leftovers",
        "|upkeep",
        "|turn|19",
        "|",
        "|t:|1712781565",
        "|switch|p1a: Electivire|Electivire, L85, F|35/266",
        "|move|p2a: Farigiraf|Psychic Noise|p1a: Electivire",
        "|-damage|p1a: Electivire|0 fnt",
        "|faint|p1a: Electivire",
        "|",
        "|-heal|p2a: Farigiraf|222/370|[from] item: Leftovers",
        "|upkeep",
        "|",
        "|t:|1712781565",
        "|switch|p1a: Victreebel|Victreebel, L90, M|290/290",
        "|turn|20",
        "|",
        "|t:|1712781565",
        "|switch|p2a: Furret|Furret, L93, M|9/309",
        "|-damage|p2a: Furret|0 fnt|[from] Stealth Rock",
        "|faint|p2a: Furret",
        "|move|p1a: Victreebel|Power Whip|p2: Furret|[notarget]",
        "|-fail|p1a: Victreebel",
        "|",
        "|upkeep",
        "|",
        "|t:|1712781565",
        "|switch|p2a: Farigiraf|Farigiraf, L92, M|222/370",
        "|-damage|p2a: Farigiraf|176/370|[from] Stealth Rock",
        "|turn|21",
        "|",
        "|t:|1712781565",
        "|switch|p2a: Minior|Minior-Yellow, L79|111/223",
        "|-damage|p2a: Minior|56/223|[from] Stealth Rock",
        "|move|p1a: Victreebel|Weather Ball|p2a: Minior",
        "|-resisted|p2a: Minior",
        "|-damage|p2a: Minior|14/223",
        "|-damage|p1a: Victreebel|261/290|[from] item: Life Orb",
        "|",
        "|upkeep",
        "|turn|22",
        "|",
        "|t:|1712781565",
        "|switch|p2a: Farigiraf|Farigiraf, L92, M|176/370",
        "|-damage|p2a: Farigiraf|130/370|[from] Stealth Rock",
        "|move|p1a: Victreebel|Weather Ball|p2a: Farigiraf",
        "|-damage|p2a: Farigiraf|68/370",
        "|-damage|p1a: Victreebel|232/290|[from] item: Life Orb",
        "|",
        "|-heal|p2a: Farigiraf|91/370|[from] item: Leftovers",
        "|upkeep",
        "|turn|23",
        "|",
        "|t:|1712781565",
        "|move|p1a: Victreebel|Sunny Day|p1a: Victreebel",
        "|-weather|SunnyDay",
        "|move|p2a: Farigiraf|Body Slam|p1a: Victreebel",
        "|-damage|p1a: Victreebel|123/290",
        "|",
        "|-weather|SunnyDay|[upkeep]",
        "|-heal|p2a: Farigiraf|114/370|[from] item: Leftovers",
        "|upkeep",
        "|turn|24",
        "|",
        "|t:|1712781565",
        "|switch|p2a: Minior|Minior-Yellow, L79|14/223",
        "|-damage|p2a: Minior|0 fnt|[from] Stealth Rock",
        "|faint|p2a: Minior",
        "|move|p1a: Victreebel|Sunny Day||[still]",
        "|-fail|p1a: Victreebel",
        "|",
        "|-weather|SunnyDay|[upkeep]",
        "|upkeep",
        "|",
        "|t:|1712781565",
        "|switch|p2a: Farigiraf|Farigiraf, L92, M|114/370",
        "|-damage|p2a: Farigiraf|68/370|[from] Stealth Rock",
        "|turn|25",
        "|",
        "|t:|1712781565",
        "|move|p1a: Victreebel|Sunny Day||[still]",
        "|-fail|p1a: Victreebel",
        "|move|p2a: Farigiraf|Body Slam|p1a: Victreebel",
        "|-damage|p1a: Victreebel|0 fnt",
        "|faint|p1a: Victreebel",
        "|",
        "|-weather|SunnyDay|[upkeep]",
        "|-heal|p2a: Farigiraf|91/370|[from] item: Leftovers",
        "|upkeep",
        "|",
        "|t:|1712781565",
        "|switch|p1a: Hydreigon|Hydreigon, L79, M|88/275",
        "|turn|26",
        "|",
        "|t:|1712781565",
        "|move|p1a: Hydreigon|Fire Blast|p2a: Farigiraf|[miss]",
        "|-miss|p1a: Hydreigon|p2a: Farigiraf",
        "|move|p2a: Farigiraf|Body Slam|p1a: Hydreigon",
        "|-damage|p1a: Hydreigon|0 fnt",
        "|faint|p1a: Hydreigon",
        "|",
        "|win|RandomPlayer 17",
        "|raw|RandomPlayer 18's rating: 1000 &rarr; <strong>1000</strong><br />(+0 for losing)",
        "|raw|RandomPlayer 17's rating: 1045 &rarr; <strong>1080</strong><br />(+35 for winning)",
        ""
    ],
    "p1rating": 1000,
    "p2rating": 1080.2835602905259,
    "endType": "normal",
    "timestamp": "Wed Apr 10 2024 13:39:25 GMT-0700 (Pacific Daylight Time)",
    "roomid": "battle-gen9randombattle-716",
    "format": "gen9randombattle"
}
